2479 3508
606 152 2352 388 So wir sagen, Christus ist Im Sacrament, vnder der
592 304 1430 449 gestalt wins vier brotts
1612 338 2324 479 Als wir vngen zweyffellt
613 402 2329 574 glouwen, sin fleijten vnnd bliet zesin, Sonder gat vff
611 508 2324 656 Die lesten zyt, In welcher der her sy warmett
581 579 2352 754 Is werden schwaere, kumermusz vnd trubsal vffer stam
590 692 2329 849 die noch nie siend gesien, van anfang der Opele wie
513 774 2336 940 Dan der wert vor vnd nach klarlich anzoigt, Das
579 892 2302 1051 Vier spruch int verstanden soll werden, geredtt
583 976 2204 1151 von desem Sacrament lijbs vnd bluts Christi,
1196 1083 1594 1246 zwingh
695 1137 2272 1364 Alles das hie anzogen, Ist, ynde sam vorhin
608 1337 2256 1476 verantwurt gar wenig vssgenomen/ Als er
617 1410 2245 1564 erstlich spricht wie ick dargeben hab man solle
617 1466 2334 1671 ist, verkeren Im beduwt ist int also geredt, Sonders
629 1600 2331 1773 Ist, wirt genomen, fur bedutet, Zeuchnet, oder wirt
611 1707 2347 1859 gebrucht zu Ingedechnus, Es muys auch hier uw
611 1805 2359 1964 Int an allen orten, ist, furbedutett, genomen overden¬
602 1902 2352 2063 sounder Da vns die gestorifft vnd anliche des gleu¬
592 2011 2329 2181 bens, darzu zeningt das die spossel vnd Enange¬
597 2102 2331 2263 lijten nieuen beduret, gestoriben, haben, ist kein
592 2195 2338 2377 Crunder, wir haben vss. Der ant Ir spracen ymen¬
615 2300 2277 2454 sam anzoigt, Das sy In solcher reden, Ist furbe¬
599 2424 1087 2556 Dutet bruchen
1323 2402 2331 2533 Deßhalb der kilogen dhein
606 2492 2340 2651 Innumb Daraest ent staen, mag, das er Inzogen wider
581 2586 2320 2769 Den spruch, Das fleijten ist degein nutz. Ist erklärt
1507 2688 2286 2831 Das er jngogen das
615 2710 1233 2833 Inne verantwurt
592 2781 2356 2956 fleißig vnnd das blut, habind es dir int geoffenbaret
