<?xml version="1.0" encoding="UTF-8" standalone="yes"?>
<PcGts xmlns="http://schema.primaresearch.org/PAGE/gts/pagecontent/2013-07-15">
    <Metadata>
        <Creator>prov=READ-COOP:name=TrHtr:version=2.41.0:model_id=51170:date=09_03_2026_17:25</Creator>
        <Created>2026-01-27T10:35:02.750+01:00</Created>
        <LastChange>2026-03-09T17:25:09.470+01:00</LastChange>
        <TranskribusMetadata docId="13922579" pageId="112790686" pageNr="729" status="IN_PROGRESS" userId="537" imgUrl="https://files.transkribus.eu/Get?fileType=view&amp;id=MOIITMZYNWXYIXYKMOKHEWMS" imageId="95349692"/>
    </Metadata>
    <Page imageFilename="112790686.jpg" imageWidth="2479" imageHeight="3508">
        <TextRegion orientation="0.0" id="tr_1">
            <Coords points="388,2404 388,2563 567,2563 567,2404"/>
            <TextLine id="tr_1_tl_1" custom="readingOrder {index:1;}">
                <Coords points="372,2557 387,2557 397,2546 419,2570 449,2568 517,2510 538,2502 562,2512 564,2446 536,2452 511,2425 479,2452 466,2452 451,2435 427,2455 412,2455 380,2429"/>
                <Baseline points="388,2513 413,2511 439,2509 464,2506 490,2504 515,2504 541,2504 567,2504"/>
                <TextEquiv>
                    <Unicode>ym</Unicode>
                </TextEquiv>
            </TextLine>
        </TextRegion>
        <TextRegion orientation="0.0" id="tr_2">
            <Coords points="597,143 597,2869 2328,2869 2328,143"/>
            <TextLine id="tr_2_tl_1" custom="readingOrder {index:1;}">
                <Coords points="1192,229 1320,239 1401,203 1504,282 1564,220 1718,214 1756,250 1814,216 1944,226 1942,109 1824,90 1760,143 1549,115 1357,160 1252,105 1190,115"/>
                <Baseline points="1203,188 1240,193 1277,194 1314,194 1352,194 1389,194 1426,194 1464,196 1501,199 1538,200 1576,201 1613,203 1650,203 1687,203 1725,203 1762,204 1799,205 1837,200 1874,200 1911,200 1949,208"/>
                <TextEquiv>
                    <Unicode>Die viii. Inlusbredt</Unicode>
                </TextEquiv>
            </TextLine>
            <TextLine id="tr_2_tl_2" custom="readingOrder {index:2;}">
                <Coords points="602,374 976,404 1034,365 1111,427 1198,367 1547,372 1630,417 1732,365 1777,404 2134,389 2102,293 1953,284 1891,329 1801,258 1686,284 1621,244 1404,323 1303,273 694,316 600,271"/>
                <Baseline points="612,355 688,352 764,353 841,355 917,355 994,355 1070,356 1146,358 1223,358 1299,361 1376,358 1452,363 1528,364 1605,364 1681,364 1758,367 1834,367 1910,367 1987,367 2063,374 2140,382"/>
                <TextEquiv>
                    <Unicode>dann Mathei ij.o stat von Christo, Er wirdt ein</Unicode>
                </TextEquiv>
            </TextLine>
            <TextLine id="tr_2_tl_3" custom="readingOrder {index:3;}">
                <Coords points="598,464 752,511 803,466 953,508 1060,461 1566,498 1720,453 2273,500 2273,402 2207,382 2145,440 2010,378 1880,427 1735,367 1632,417 1547,372 1463,427 1350,376 914,427 596,370"/>
                <Baseline points="609,450 692,450 775,452 859,455 942,453 1026,453 1109,453 1192,450 1276,450 1359,452 1443,450 1526,454 1609,455 1693,453 1776,450 1860,450 1943,453 2026,458 2110,464 2193,470 2277,483"/>
                <TextEquiv>
                    <Unicode>Naijweer genant werden 1 stiam dicitur Wyweus,</Unicode>
                </TextEquiv>
            </TextLine>
            <TextLine id="tr_2_tl_4" custom="readingOrder {index:4;}">
                <Coords points="585,568 981,549 1117,607 1329,543 1515,622 1602,555 1912,596 1972,549 2252,594 2252,487 2057,457 585,504"/>
                <Baseline points="597,555 680,547 763,545 846,543 929,543 1012,543 1095,543 1178,540 1261,543 1344,542 1427,543 1510,543 1593,543 1676,540 1759,540 1842,540 1925,540 2008,545 2091,550 2174,559 2257,570"/>
                <TextEquiv>
                    <Unicode>O ciuitate Nazareth, Oesshalb dasselb gelubt d ouch</Unicode>
                </TextEquiv>
            </TextLine>
            <TextLine id="tr_2_tl_5" custom="readingOrder {index:5;}">
                <Coords points="611,652 690,699 914,637 2245,679 2245,613 1972,549 1910,596 1619,568 1515,622 1354,549 1115,607 780,549 609,579"/>
                <Baseline points="623,635 704,640 785,641 867,638 948,636 1030,638 1111,635 1192,633 1274,632 1355,632 1437,635 1518,635 1599,635 1681,632 1762,632 1844,633 1925,638 2006,638 2088,642 2169,643 2251,650"/>
                <TextEquiv>
                    <Unicode>ofgehort het stu Christo, wir gind noch des vius,</Unicode>
                </TextEquiv>
            </TextLine>
            <TextLine id="tr_2_tl_6" custom="readingOrder {index:6;}">
                <Coords points="611,746 2217,748 2220,654 1485,692 1303,641 1209,701 1096,647 613,669"/>
                <Baseline points="623,734 703,734 783,731 863,728 943,725 1023,726 1103,725 1183,725 1263,725 1343,724 1423,725 1503,725 1583,724 1663,722 1743,722 1823,722 1903,725 1983,722 2063,725 2143,726 2224,728"/>
                <TextEquiv>
                    <Unicode>das wir vnder dem gesagt nitt mer sind, Ounders</Unicode>
                </TextEquiv>
            </TextLine>
            <TextLine id="tr_2_tl_7" custom="readingOrder {index:7;}">
                <Coords points="615,857 1288,822 1609,861 1923,810 2094,882 2243,861 2243,771 2068,731 1882,790 1722,728 1508,728 1438,778 1318,737 1211,778 1062,731 923,788 846,735 615,754"/>
                <Baseline points="626,824 707,825 788,824 869,823 950,821 1031,818 1112,818 1193,818 1274,818 1355,818 1437,818 1518,818 1599,816 1680,814 1761,812 1842,809 1923,811 2004,815 2085,815 2166,815 2248,818"/>
                <TextEquiv>
                    <Unicode>vnder der gnad, dann das gesagt, Ist min ein Schul:</Unicode>
                </TextEquiv>
            </TextLine>
            <TextLine id="tr_2_tl_8" custom="readingOrder {index:8;}">
                <Coords points="607,963 1051,916 1252,976 1314,927 1752,901 1893,966 2260,929 2224,865 2094,882 1931,812 1779,820 1692,884 1393,825 609,861"/>
                <Baseline points="618,919 700,922 782,922 865,920 947,914 1030,913 1112,913 1194,913 1277,913 1359,913 1442,913 1524,915 1606,909 1689,904 1771,901 1854,901 1936,899 2018,899 2101,904 2183,904 2266,904"/>
                <TextEquiv>
                    <Unicode>furer gewesen zu Christo, Oo min Christus komen</Unicode>
                </TextEquiv>
            </TextLine>
            <TextLine id="tr_2_tl_9" custom="readingOrder {index:9;}">
                <Coords points="600,1034 2213,1010 2213,951 1893,966 1713,910 1617,948 1376,921 1201,981 978,925 602,963"/>
                <Baseline points="612,1018 692,1018 772,1018 852,1013 933,1011 1013,1012 1093,1006 1174,1004 1254,1003 1334,999 1415,1000 1495,997 1575,995 1655,996 1736,994 1816,991 1896,988 1977,988 2057,988 2137,991 2218,997"/>
                <TextEquiv>
                    <Unicode>Ist, So bedorffen wir des Chulfurers numenn,</Unicode>
                </TextEquiv>
            </TextLine>
            <TextLine id="tr_2_tl_10" custom="readingOrder {index:10;}">
                <Coords points="624,1128 2279,1104 2279,1010 2079,1030 2038,989 1848,1057 1553,1013 998,1070 626,1034"/>
                <Baseline points="635,1107 717,1104 799,1104 882,1101 964,1098 1047,1095 1129,1091 1211,1089 1294,1089 1376,1086 1459,1089 1541,1089 1623,1088 1706,1086 1788,1080 1871,1081 1953,1080 2035,1082 2118,1083 2200,1083 2283,1089"/>
                <TextEquiv>
                    <Unicode>Dunders wij benuijgen vns, der eingen gnad gottes,</Unicode>
                </TextEquiv>
            </TextLine>
            <TextLine id="tr_2_tl_11" custom="readingOrder {index:11;}">
                <Coords points="617,1230 2237,1188 2237,1126 2042,1094 1903,1145 1585,1092 1357,1141 1068,1098 790,1156 620,1126"/>
                <Baseline points="632,1194 712,1197 793,1194 873,1193 954,1189 1034,1188 1115,1185 1195,1180 1276,1175 1356,1173 1437,1173 1517,1176 1598,1171 1678,1170 1759,1170 1839,1170 1920,1170 2000,1170 2081,1171 2161,1174 2242,1179"/>
                <TextEquiv>
                    <Unicode>dero wir versichert werden durch den glauben,</Unicode>
                </TextEquiv>
            </TextLine>
            <TextLine id="tr_2_tl_12" custom="readingOrder {index:12;}">
                <Coords points="615,1286 2243,1292 2243,1230 1893,1169 1773,1239 1303,1190 1218,1243 765,1196 615,1235"/>
                <Baseline points="626,1286 707,1280 788,1279 869,1277 950,1277 1031,1277 1112,1274 1193,1270 1274,1267 1355,1262 1437,1262 1518,1265 1599,1265 1680,1268 1761,1265 1842,1262 1923,1262 2004,1262 2085,1265 2166,1266 2248,1280"/>
                <TextEquiv>
                    <Unicode>Vnd go der gloub, allein van gottes geist kumpt,</Unicode>
                </TextEquiv>
            </TextLine>
            <TextLine id="tr_2_tl_13" custom="readingOrder {index:13;}">
                <Coords points="611,1389 2200,1389 2202,1292 611,1316"/>
                <Baseline points="623,1379 702,1375 781,1372 860,1370 939,1368 1018,1366 1097,1361 1177,1358 1256,1359 1335,1356 1414,1356 1493,1355 1572,1358 1651,1355 1731,1355 1810,1355 1889,1355 1968,1357 2047,1358 2126,1359 2206,1367"/>
                <TextEquiv>
                    <Unicode>Johannis. vio. vnd wo der geist gottes Ist, da¬</Unicode>
                </TextEquiv>
            </TextLine>
            <TextLine id="tr_2_tl_14" custom="readingOrder {index:14;}">
                <Coords points="630,1495 750,1470 837,1530 931,1468 1096,1455 1455,1457 1500,1500 1581,1455 1677,1487 1844,1442 1933,1485 2200,1444 2200,1395 2102,1361 1365,1421 1209,1369 1030,1431 822,1374 632,1406"/>
                <Baseline points="641,1483 719,1469 797,1463 875,1459 954,1456 1032,1453 1110,1453 1188,1448 1267,1447 1345,1444 1423,1447 1501,1447 1580,1447 1658,1447 1736,1444 1814,1444 1893,1442 1971,1442 2049,1442 2127,1442 2206,1444"/>
                <TextEquiv>
                    <Unicode>Ist frijheit. ii.a ad Cornithios. iijo. do volgot, das</Unicode>
                </TextEquiv>
            </TextLine>
            <TextLine id="tr_2_tl_15" custom="readingOrder {index:15;}">
                <Coords points="607,1585 1348,1551 1519,1609 1568,1566 2138,1555 2138,1468 2085,1461 1579,1457 1414,1506 1094,1455 771,1536 609,1483"/>
                <Baseline points="618,1558 693,1560 769,1558 845,1555 922,1552 998,1551 1074,1549 1151,1546 1227,1546 1303,1543 1380,1543 1456,1543 1532,1543 1608,1540 1685,1538 1761,1537 1837,1537 1914,1537 1990,1535 2066,1534 2143,1534"/>
                <TextEquiv>
                    <Unicode>dero geist vnd Constienen frij Ist, die da gind In</Unicode>
                </TextEquiv>
            </TextLine>
            <TextLine id="tr_2_tl_16" custom="readingOrder {index:16;}">
                <Coords points="617,1666 1852,1636 2004,1681 2177,1624 2179,1574 1948,1540 1519,1609 974,1551 850,1596 617,1574"/>
                <Baseline points="629,1650 706,1650 784,1648 861,1645 939,1644 1017,1642 1094,1640 1172,1639 1250,1639 1327,1639 1405,1639 1483,1638 1560,1636 1638,1630 1716,1628 1793,1627 1871,1630 1949,1627 2026,1624 2104,1621 2182,1624"/>
                <TextEquiv>
                    <Unicode>Christo fesu, Wir wetten hie allwag verstanden</Unicode>
                </TextEquiv>
            </TextLine>
            <TextLine id="tr_2_tl_17" custom="readingOrder {index:17;}">
                <Coords points="609,1771 1337,1726 2286,1762 2324,1643 609,1690"/>
                <Baseline points="620,1743 705,1743 790,1740 876,1737 961,1734 1047,1731 1132,1728 1217,1725 1303,1725 1388,1725 1474,1728 1559,1725 1644,1723 1730,1722 1815,1722 1901,1723 1986,1725 2071,1725 2157,1722 2242,1726 2328,1737"/>
                <TextEquiv>
                    <Unicode>werden, das wir nitt reden von der gelubd, vnd trouw,</Unicode>
                </TextEquiv>
            </TextLine>
            <TextLine id="tr_2_tl_18" custom="readingOrder {index:18;}">
                <Coords points="607,1865 1519,1863 1611,1826 2053,1867 2132,1844 2134,1775 2014,1730 1961,1773 1538,1730 1365,1799 1258,1745 1154,1777 1072,1741 901,1807 752,1752 609,1771"/>
                <Baseline points="618,1848 697,1845 777,1841 857,1835 937,1832 1017,1830 1097,1830 1177,1827 1257,1824 1337,1824 1417,1824 1497,1824 1577,1821 1657,1821 1737,1821 1817,1821 1897,1821 1977,1824 2057,1824 2137,1827"/>
                <TextEquiv>
                    <Unicode>die der mentsten zinem nächsten Ochuldig Ist,</Unicode>
                </TextEquiv>
            </TextLine>
            <TextLine id="tr_2_tl_19" custom="readingOrder {index:19;}">
                <Coords points="609,1944 2294,1948 2296,1867 1265,1833 1198,1876 835,1841 611,1886"/>
                <Baseline points="620,1940 704,1936 788,1930 872,1925 956,1919 1040,1919 1124,1919 1208,1919 1292,1916 1376,1916 1460,1915 1544,1913 1628,1910 1712,1910 1796,1910 1880,1910 1964,1913 2048,1913 2132,1910 2216,1913 2301,1916"/>
                <TextEquiv>
                    <Unicode>wir reden allein van den gelubden, die man frlichen,</Unicode>
                </TextEquiv>
            </TextLine>
            <TextLine id="tr_2_tl_20" custom="readingOrder {index:20;}">
                <Coords points="611,2032 688,2081 946,2019 1128,2061 1194,2019 1705,2019 1790,2066 1897,2019 1953,2072 2249,2010 2249,1961 1690,1953 1643,1914 1448,1965 1384,1916 1062,1972 767,1933 611,1982"/>
                <Baseline points="623,2030 704,2030 786,2026 867,2021 949,2015 1030,2015 1112,2015 1193,2014 1275,2015 1356,2012 1438,2010 1520,2006 1601,2005 1683,2003 1764,2003 1846,2006 1927,2006 2009,2008 2090,2006 2172,2007 2254,2012"/>
                <TextEquiv>
                    <Unicode>vsserthalb dem glauben, der Constieng zu helffenn,</Unicode>
                </TextEquiv>
            </TextLine>
            <TextLine id="tr_2_tl_21" custom="readingOrder {index:21;}">
                <Coords points="607,2136 1025,2111 1303,2149 1367,2113 1453,2147 1668,2094 1963,2136 2175,2115 2177,2051 607,2059"/>
                <Baseline points="618,2122 696,2119 774,2117 852,2112 930,2110 1008,2107 1086,2107 1164,2107 1242,2107 1320,2105 1398,2102 1476,2098 1554,2098 1632,2093 1710,2092 1788,2096 1866,2101 1944,2104 2022,2103 2100,2097 2179,2095"/>
                <TextEquiv>
                    <Unicode>oder salikeit zu erlangen, gethan hat, Nie har</Unicode>
                </TextEquiv>
            </TextLine>
            <TextLine id="tr_2_tl_22" custom="readingOrder {index:22;}">
                <Coords points="600,2217 1431,2196 1515,2264 1873,2196 2269,2217 2269,2149 2164,2113 2061,2162 2010,2111 1801,2138 1681,2096 1555,2173 600,2136"/>
                <Baseline points="612,2212 695,2209 778,2206 861,2203 944,2202 1027,2200 1110,2197 1193,2197 1276,2197 1359,2195 1443,2194 1526,2193 1609,2191 1692,2188 1775,2185 1858,2187 1941,2188 2024,2186 2107,2186 2190,2188 2274,2188"/>
                <TextEquiv>
                    <Unicode>dienst, das ad Calathas. iij. geschriben Ist, Erk¬</Unicode>
                </TextEquiv>
            </TextLine>
            <TextLine id="tr_2_tl_23" custom="readingOrder {index:23;}">
                <Coords points="609,2326 2235,2299 2205,2213 1564,2222 1508,2267 995,2209 876,2277 737,2213 609,2230"/>
                <Baseline points="620,2301 705,2296 790,2295 875,2292 960,2294 1046,2292 1131,2293 1216,2295 1301,2295 1386,2292 1472,2295 1557,2295 1642,2293 1727,2290 1812,2289 1898,2288 1983,2288 2068,2286 2153,2286 2239,2283"/>
                <TextEquiv>
                    <Unicode>siaste. v. Ist mer fur vns, weder fur fun, dann Er</Unicode>
                </TextEquiv>
            </TextLine>
            <TextLine id="tr_2_tl_24" custom="readingOrder {index:24;}">
                <Coords points="594,2414 2215,2412 2215,2316 1339,2318 1158,2369 1081,2301 1036,2339 916,2294 786,2339 594,2318"/>
                <Baseline points="606,2385 686,2388 767,2383 847,2382 928,2385 1009,2385 1089,2384 1170,2388 1250,2388 1331,2385 1412,2385 1492,2385 1573,2387 1653,2385 1734,2384 1815,2385 1895,2385 1976,2383 2056,2384 2137,2382 2218,2382"/>
                <TextEquiv>
                    <Unicode>Othilt daselbs, die thorachten verheissungen, Nun</Unicode>
                </TextEquiv>
            </TextLine>
            <TextLine id="tr_2_tl_25" custom="readingOrder {index:25;}">
                <Coords points="607,2502 1237,2474 1656,2523 1756,2476 1861,2523 1967,2474 2239,2474 2213,2403 1891,2442 1713,2384 1624,2431 1280,2393 607,2427"/>
                <Baseline points="618,2480 699,2472 780,2472 861,2469 942,2469 1024,2471 1105,2471 1186,2472 1267,2472 1348,2472 1430,2475 1511,2475 1592,2475 1673,2474 1754,2472 1836,2469 1917,2472 1998,2472 2079,2471 2160,2468 2242,2463"/>
                <TextEquiv>
                    <Unicode>sind te vnser gelubd oder verheishungen, die wir</Unicode>
                </TextEquiv>
            </TextLine>
            <TextLine id="tr_2_tl_26" custom="readingOrder {index:26;}">
                <Coords points="600,2570 671,2606 940,2564 1461,2604 2258,2568 2192,2484 1831,2527 1737,2474 1525,2536 1192,2478 600,2510"/>
                <Baseline points="612,2561 694,2558 777,2561 859,2559 942,2555 1024,2556 1107,2559 1189,2561 1272,2561 1354,2563 1437,2566 1520,2566 1602,2564 1685,2561 1767,2558 1850,2558 1932,2558 2015,2556 2097,2555 2180,2555 2263,2555"/>
                <TextEquiv>
                    <Unicode>Vsserthalb dem gloubden gethan hand, to rechter dann</Unicode>
                </TextEquiv>
            </TextLine>
            <TextLine id="tr_2_tl_27" custom="readingOrder {index:27;}">
                <Coords points="587,2685 1745,2651 1910,2709 2200,2657 2177,2564 2032,2606 1696,2572 1581,2628 1333,2566 1196,2617 983,2570 667,2606 587,2559"/>
                <Baseline points="600,2645 680,2648 760,2648 840,2648 921,2645 1001,2648 1081,2650 1162,2651 1242,2651 1322,2651 1403,2651 1483,2651 1563,2651 1643,2650 1724,2651 1804,2651 1884,2652 1965,2653 2045,2650 2125,2648 2206,2654"/>
                <TextEquiv>
                    <Unicode>die gelube van denen Calomon redt, Das vsz</Unicode>
                </TextEquiv>
            </TextLine>
            <TextLine id="tr_2_tl_28" custom="readingOrder {index:28;}">
                <Coords points="609,2766 2220,2766 2220,2685 2126,2715 2051,2651 1920,2711 1474,2660 1008,2717 899,2655 609,2681"/>
                <Baseline points="620,2746 700,2743 780,2743 860,2743 940,2741 1021,2740 1101,2740 1181,2743 1261,2740 1341,2740 1422,2737 1502,2737 1582,2737 1662,2736 1742,2737 1823,2737 1903,2740 1983,2738 2063,2737 2143,2737 2224,2734"/>
                <TextEquiv>
                    <Unicode>dam t'salmen, haren wirdt genogen, hat bij den al¬</Unicode>
                </TextEquiv>
            </TextLine>
            <TextLine id="tr_2_tl_29" custom="readingOrder {index:29;}">
                <Coords points="602,2869 748,2897 1006,2841 1128,2907 1286,2873 1493,2912 1609,2835 1882,2910 1991,2837 2209,2841 2209,2792 2002,2796 1959,2754 1673,2784 1628,2741 1493,2807 1427,2745 1267,2790 899,2751 696,2803 602,2764"/>
                <Baseline points="615,2848 695,2836 775,2830 855,2831 935,2830 1015,2830 1095,2830 1175,2830 1255,2833 1335,2833 1415,2830 1495,2830 1575,2830 1655,2830 1735,2830 1815,2830 1895,2830 1975,2830 2055,2831 2135,2833 2215,2833"/>
                <TextEquiv>
                    <Unicode>ten, vff Irerley gelubden gedienot, Vyj vns aber¬</Unicode>
                </TextEquiv>
            </TextLine>
        </TextRegion>
    </Page>
</PcGts>
