2479 3508
220 1917 484 2105 Dear
1215 101 1973 285 Die viii. Chlussredi
618 230 2261 400 dingen, das aber diß frindren, darumb die frijheit
612 354 2196 492 der fe versthliesse, das Ist nitt, Oann wij vor
614 446 2298 582 gehort haben, prima ad Cornithios. vijo. das denen 17
618 528 2160 677 die gebrent werden, erloubt Ist, zufrijen, oder zu
633 610 2267 756 felichen, vnd hie Ist de hem gestflicht der ment:
641 693 2225 865 sthen vfgenomen, Nun sol een fecklich gesagt, ende
605 786 2250 916 Es In der gemeind Staten, ouch In der Gemeinde verstan¬
629 882 2212 1006 den werden. Demnach etc. ende verwunderdt vns ger¬
618 951 2212 1119 das anzogen wirdt, Es mog Jm. mijwen testament,
620 1048 2248 1203 nitt bewirt werden, das ein priester mog em wil
629 1133 2307 1293 namen. Do doch der heilig Paulus, prima ad Thi:
618 1236 2298 1381 motherum. iijr. ad Titum. j.e Oolichs Co offen bar sagt,
641 1316 2261 1506 vnd In geschichten am xxj. capittel, gelesen wirdt
641 1408 2304 1588 von Philippo, das Er vier tochtern hutte, die gelert
637 1508 2275 1647 waren, da wir gwusselich sachen, das die tochtern,
624 1586 2271 1741 nitt vsz. hury mußten geboren sin, Ounder fflich
639 1676 2265 1869 en. Impt aber dan der ein wil het, ein Bisthoff
643 1793 2185 1929 zusin, Oo zimbt ouch dem der ein wib hat, ein
633 1860 2271 2055 Bisthoft zu werden, zuupt ouch harwiderumb eim
2183 1938 2269 1997 Monsieur,
645 1959 2242 2135 am wisthoft zusin, der ein wil hat, ende zimpt ouch
639 2066 2277 2227 dem Bisthoft Co. dehem wib hat, Ein wib zunamen,
654 2145 2265 2323 Das anjoigt wirdt, wie de henier der apostel, ein
654 2231 2284 2388 wib habe genomen, nach dem Pr Christum erkandt,
647 2357 2246 2480 bekumbrot, vns nitt, Si haben aber wiber gehept,
639 2460 2311 2585 darus wir erfernen, das ein wil haben, nitt daruor
647 2531 2290 2698 Ist, das einer mog ein Bisthoff zin, Es mag ouch
647 2621 2300 2767 Der Schulmeister, nitt bewaren das nein, das de¬
652 2713 2208 2862 heiner der Apostlen, en wil genomen hab, nach
641 2788 2311 2979 dem Apostolat, Dann solche negatiua oder nein,
