2479 3508
338 3333 505 3455 fait une
1088 227 1311 387 1.8
696 407 2128 601 Das Christus sulbs sis om heillannd sous lyes
679 522 2095 687 darinne mag sollichs Dhemer Greatur zuge¬
763 565 2164 761 messen werden /. Petrus ist int vnnser heiland
751 700 2140 876 Der Dapst etc. sounders allein Christus vnnd
757 808 2140 947 ob schon Das wortby einig mitt worten int
763 892 2211 1027 exhuttert ist, so erlutert doch das der oposteel
724 978 2207 1131 das christus darumb een houpt sie, das er das
765 1076 2171 1227 theiel sins lijbs, hebe, Darmus lieber vatter
753 1150 2203 1275 hebenne Christo die per vnnd lassendt Inn das
757 1246 2205 1397 houpt bliben, Is sij Dann sach, Das Ir mitt
767 1324 2240 1469 geschrifft bebringent. Das einicher cxpatur solliche
763 1436 1925 1579 eigent schafft, zu geben, mog werden/
1203 1577 1723 1731 Sichtvatter,
1723 1694 1819 1817 78
802 1704 2187 1901 Mr Berchtold hatt mie ein antwurt gen die
696 1866 2265 2013 Der Im sebes zuuor gen, so viel zu gutt, das er dancket
777 1968 2275 2093 Ich bin gentzlich nitt darwider / Das christus
769 2029 2308 2173 Der Jnflussz, vnnd das gnaeryck laben, der klechen
771 2132 2281 2283 sich von dem alle gnad Jnflusßt, Das haupt
788 2228 2224 2355 statt niet allein vff Den monsthlichen lijb Das
765 2310 2287 2465 Im Das leben allen In fliessen solle, Es hatt ouch
769 2400 2324 2567 die Eidt großschafft, den lijb zeregiern In smen vsserm
751 2506 2207 2662 wercken, vnnd wungen, So min Christus sin
757 2596 2246 2741 sicheerlichen, leblich gegen wintigkeit woelt vff nij¬
761 2694 2240 2866 men Inn den huuell beducht In gut. hats ouch
