2479 3508
1275 310 1789 535 Farrer
843 466 2370 692 Als her Berchtold predicant miner gnedigen
814 631 2347 786 hern von Derum mich anzucht Ich hab eben
837 722 2337 875 vill nachgelassen, In dem, so ick bekeu Chri¬
831 831 2315 996 sinn ein einen houpt, Inn welchem Ich nitt
814 931 2316 1047 well than han / souders woll gehandellt nach
801 1019 2324 1175 Der gschrifft, den Inn Dem gewalt ist ze¬
816 1128 2336 1284 mercken / Zwey Dinge zum ersten, von sinen
816 1219 2324 1382 grossen gewallt siner almechtigkeit, sij vnge¬
828 1323 2299 1483 Dingten gewallt, Dan er allein der
820 1411 2274 1544 ist, Der da gibt gnad vnnd glori vnd
799 1510 2297 1705 Das wirt er niemands anderm geben, zum
816 1632 2311 1808 anndern Ist zu mercken, sin nachgelassnen
818 1720 2301 1877 gewallt, siner götlichen verordnung, vnd
816 1839 2301 1992 wie her Berchtold vervit hatt, Er hab Inen
828 1967 2339 2106 sin gotlich wort empfolen, Durch sin nach¬
816 2037 2272 2198 gelassuen gewallet, so hannd sij ouch zu binden
829 2135 2288 2301 vnnd entbinden geenet, nach form sins pöt
810 2272 1273 2416 lichen worts
1281 2297 1967 2534 Eerchstoldus
977 2504 2280 2716 N kurtje antwort. Die allmechtigkeit
805 2666 2284 2823 gottes bekennen wir mit dem pfarrer vnnd
810 2750 2261 2943 Den Spruch/ so er Infurt Das pot vnad
