2479 3508
2025 148 2169 215 276
1111 176 1717 361 Die vj. Schlusbred
560 320 2151 474 gelis suis mandauit de te, u Er hat zinen fuglen gebot¬
568 434 2123 574 ten von dir, ende dat darbij, dann Ich hab funden,
572 513 2066 651 In dem Ich Im gnadig bin, namlich, oo Sich der
582 602 1075 740 Omnder bekent.
1135 655 1792 833 Johannes buchstab,
547 833 2137 1024 Das der Vruch Job nach minem furgaben bestande,
551 961 2163 1103 wil Ich derglich ein andren hierin furen, Zacharie:
580 1048 2171 1178 Stat also geschriben, Cas der fugel gottes anfacht,
580 1137 2111 1267 vnd opricht, herr der Aharen, wie lang erbar:
568 1219 2072 1362 mest du dich nitt vber Jerusalem, vnd die statt
586 1312 2131 1462 Juda, wider weliche du erzuent bist, vnd das Ist
566 1401 2129 1555 sey das Sibenzigost far, vnd der herr andtwurt
1008 1490 1172 1573 In¬
578 1488 2206 1616 dem engel, ver„ mir redet gute vnd trostliche wort
554 1569 2147 1731 Hie haben wir aber kundtsthaft, das die Engel mo:
564 1691 1304 1847 Von fur vns bittenn,
1160 1782 2255 1981 Doctor Johannes Oecolamp, dius
641 1932 2123 2178 Diser Spruch Zacharie, fft vom Schulmeister
558 2103 2147 2267 auch nitt verstanden, Es dat niet da, das der En¬
551 2196 2119 2370 gel gebatten hab, Es dat ouch nitt da, das gott
574 2267 2123 2441 Sie gebett erhort hab, Es Ist aber ein thematis:
568 2370 2090 2496 mus, das Ist, In dem gesicht, durch furgaben
578 2461 2190 2640 Solicher wort des fugels, wirdt der Prophet gelert,
568 2532 2109 2723 das die zitt der widerbuwnug forusalem othou
582 2620 2186 2794 vorhanden sije, Is mocht einer als bald vnwiesth:
588 2725 2082 2859 ende wert, als bittende wort, hierus namen
