2479 3508
144 854 542 987 # Gemlichs
1194 99 1919 308 Die viii. Schlusred.
628 282 2278 443 nis vnd saphine, hatten zittlich gut, dassebijg mochten
624 398 2280 540 & tuy, war biwolten, te vnd bij dasselb. den Apost.
643 490 2343 600 len ubergaben, wer nach den Oi, Oomtichs hingaben
635 566 2304 671 vnd den Apostlen verlobten, behielten Oi eni teil henin¬
635 660 2364 805 lich, wider die gelijbe, des Jacob Manias gachlingen,
617 744 2263 850 Also ein Jetticher, dan ein duig gezumpt vorder ge¬
641 839 2222 987 lijbe, wacht Im sibbs durch die gelubde, vryimlich,
639 923 2218 1073 wann Christus Inu, Fruangelio opricht, vijwer
632 1018 2257 1164 Red. sol sin, Ja: fa, nein nein, Een Oprich Fau¬
628 1127 2259 1243 li ad Thunotheum, verandtwurt Ich also, das nitt hin
628 1205 2257 1353 meinung Ist gesin, das ein Jetticher Bischoff, muste
635 1312 2274 1461 ein wéb haben, dann der gestalt, hatte ouch Christus
630 1400 2203 1527 Der obrist Friester jouch Johannes der Euangelist
630 1497 2261 1654 ouch Thimotheus und titus mussen wiber haben,
639 1596 2313 1758 Is Ist aber die meinung Pauli gesin, das Ennotheus
656 1689 2250 1833 vnd Litus, solten von Erbaren unstrifflichen man:
624 1779 2209 1915 nern, Gisthoff, Priester, vnd Oircon, erwellenn,
620 1861 2246 2020 dann es waren bij denselbigen zitten, nitt Othriftge¬
639 1983 2267 2125 lert Jung vnuermaecklot lijt, die van Jugend vf, die
626 2063 2214 2220 Othriften konden, die zu dem waren Christen lichen
635 2160 2188 2313 glauben dienten, wie Chimotheus diesebben von
615 2250 2220 2448 tugend vf, hat konnen vnd gewust, ij. Thimo:
626 2343 2242 2506 thei. iii. Cas man dieselben Jungen darzu goordenot
639 2459 2156 2579 hätte, darumb wurden die alten vermichloten
632 2523 2306 2721 mann, darzu verordnot, damitt vnd dester fr. erfult
648 2642 2276 2801 wurden, die wort Christi Co. Er Uxrecht Mathes
624 2717 2289 2885 vo. Also zal luchten vwer liecht vor den montsthen
