2479 3508
246 438 395 661 60
1842 159 1978 268 167
907 140 1549 291 Die vierd schlußred
380 261 1993 463 Das ist min bes (wer sicht aber nitt, das mitt klarer
408 414 2034 550 worten gesprochen wirtt by Lm: Das ist min lijs
453 461 2057 625 Der fur vch gebenn wirt, den zusatz bij den Cuan¬
427 582 1980 731 gelisten gul. einem Jeden der da gern ein berichtt
436 638 2095 808 empfangenn will / ein klaren verstand/ vnd furt dohin
431 729 2089 910 Das wir das brett fur ein sacrament erkennen mussen
455 827 2085 978 Des lebs Christi Jun toe fur vns geben. Doch will
434 916 2029 1058 Ich hören vff welchem wertt mathei, oder Luce
425 1001 1983 1173 mun her pfarper hafften well vnnd sich daruff
427 1130 810 1269 lassen wele
975 1154 1698 1354 Pfarrer von Santg:
463 1271 2072 1462 Off den ersten furwag mus hern doctors worumb
444 1388 2036 1547 Ich stuijgen trag vande wert Somament. Erkennende
436 1507 2010 1636 alle Christenlich gelerven, das wert saxament die
421 1556 2097 1702 wortt des nachtmaels weder klarer oder Dunckler
429 1660 2059 1819 machend Den rechten namen aber, wie es ouch der
429 1738 2051 1927 paulus nempt soll es heissen Communio Das ist
429 1847 2102 2017 gemeinschafft, wie es auch sitwan die allten geheissen,
414 1930 2061 2119 haben/ wer ob den worten wie es gehuissen werd
402 2042 2063 2195 will ich mich Inn Ehem wortt strit geben allein vff
414 2150 2123 2306 Das die wortt den verstand vnnd sinnen allss sy lutent
444 2214 2095 2369 mitbringent Dann woll erkenn ich min her dochr
429 2323 2106 2484 vnnd alle sin plich versteundig die usarament int wellen
427 2425 2104 2550 zu vueeren welche # oberste eer vnnd waerinne
436 2524 2104 2675 sich mermael In smen vsgagnen buckern, so er Inen
429 2612 2080 2743 gint gelesen hab, Das sich aber min her Doctor ver¬
423 2712 2074 2871 lassen vff die wort Luce am xxii cap: Da der
421 2794 2087 2969 kelch ein Unw thesiaement genampset wirt sagt, der
2121 888 2204 969 mi
2134 1685 2227 1796 1 ra:
