2479 3508
15 1941 146 2094 and in all
15 2068 176 2229 not vnne that
39 2182 185 2300 Inngeren vijff
28 2274 176 2382 ning her
15 2358 185 2465 Omnt Jans
26 2440 180 2556 nckenal all
15 2558 144 2661 hoven tot
30 2644 146 2775 which
2059 103 2276 236 et de
1001 152 1553 348 Die vierd schlußrad
1922 202 2077 337 164
558 279 2120 477 Her Jesus Inn der nachs alls er ward verraten
629 425 2120 563 habe der gestaelt das brot genomen, vnnd danck
638 496 2128 661 gesagt) gebrochen vnnd gesagt, niemand vnd essende
649 606 2090 734 Das ist min lijb welcher fur vch geben wirtt
642 679 2167 822 Das thund Inn immer gedechtnus Derglichen
646 769 2117 876 onch den kelch, nach dem er hatt zenacht
1645 844 2083 986 das ist der
649 850 1346 992 gessen hatt er gesagt
636 902 2115 1069 kelck, Das nuw thestament In minem blut
646 990 2201 1179 Das sollende Ir thun, so offtmalls Ir werden trincken
1662 1125 2150 1265 voorss. welchen inge
638 1106 1417 1254 Inn minen gedechtnus
631 1192 2117 1353 furten schrifften wir verniemen der lijb vnnd
644 1231 2255 1450 Das blutt Christi werde Inn dem brot Der Danc¬
475 1379 2197 1542 sagunglyblichen vnnd wesenlich dancksagung empfangen
1207 1471 1677 1636 colampadius
715 1544 2165 1739 S'han min lieber bruder sich widerumb ge¬
651 1692 2130 1819 wendt zu den worten Johanus am vi cap:
638 1750 2143 1901 das sy Im dienen, Des bin ich Im int par abred
631 1864 2128 2004 (welleg pott) sij von mencklichen woll verstandenn
1417 1941 2152 2062 Op wundert dienen
636 1954 1316 2105 wurden, vngezweffellt
1765 2025 2203 2186 ber die ver¬
629 2001 1621 2186 zu hinnemmen voler Insael
625 2122 2132 2281 heissung des sacramenteichen brots findt er
638 2205 2210 2360 am selbigen ort nit so er aber min kumpt vff
668 2302 2212 2450 die Insatzung des herren nachtmals Damit
616 2388 2195 2556 wir dester geschickter vnd verstentlicher reden
646 2487 2223 2650 So versich ich mich zum ersten das min lieber
629 2586 2148 2727 bruder werdt int verneinen, hie Ingesetzt sin
631 2689 2225 2845 sacrament des lybs vnnd bluts Jesu Christi  So
603 2770 2238 2940 wirtt min nutz vnd gut sin wer da erkennen
