2479 3508
13 496 142 600 Was men
17 711 136 799 Votre
17 776 119 874 bens.
0 853 134 1006 Vndt
29 979 142 1098 + Daß
27 1069 132 1188 vnnd xxx
27 1198 134 1267 nur mittel
23 1265 111 1382 Rentlich
33 1470 115 1598 slicher
27 1598 125 1677 r nach
21 2407 123 2507 & mon
230 657 343 851 2
199 834 368 1035 143
178 1261 420 1441 „ nutzst
389 646 487 836 6
933 163 1514 347 Die 4. stuijvende
2008 213 2144 339 zijn
606 301 2158 521 ist. Da ist kein huijver noch Furst, nach
600 460 2177 613 wyterer versicherung oder trostung, oder aber die
617 540 2177 707 so Im geist angefangen haben, missent erst Im
611 638 2148 797 flenten ouch leblich geessen trost suchen vnd
609 757 2087 899 pe volkommt werden, Wellichs doch von
621 830 2150 993 Paulo zum palathern, am iii ca: gestholtenn
592 933 2144 1094 Vintt So er spricht wollende in Im fleisten
611 1029 2162 1196 erst volkomen vinne „ gemacht werden so Ir
600 1123 2150 1290 In geist habend angehept, Oest halb wir vss.
609 1217 2154 1399 glouwen vnnd sichering pottes sechene Das
604 1305 2202 1495 ons kein sachen, sonder glauben, wir nemend
594 1424 2185 1583 dan essen fur gleuben, Indre stücke mitt
598 1518 2137 1688 denen angezogt, v/ dem vi Jors. ist mitt
1625 1631 2169 1778 Zum Datten
588 1635 1361 1773 nott wijter zhaffren
571 1717 2231 1880 Das Christus Enach dem die Inden Durch
571 1828 2227 1985 das wort effen, mitt dem er doch vertru¬
586 1928 2181 2100 Owen zeverstan gab, Danuff fiellend, das er
598 2037 2229 2198 meinte man muste sin fleisch lijblick essen)
573 2121 2204 2277 Inen die antwurt gunt. Der geist oft der
583 2233 2144 2403 Da lebendig macht Das fleisch ist par kein
583 2378 767 2472 mitz
878 2317 2217 2503 Binn wussend wir vngen twiffellt
583 2430 2223 2602 Das das fleijten Christi vill metzes gebracht
577 2537 1058 2679 Ober verstödt
1179 2530 2141 2691 Dame so vill vns gott Junij
594 2631 2225 2794 mein lebenn, vnd wandell ein Christen lich leben
575 2742 2227 2930 DarIn voorgebiedert hatt, wer lijblich zesschen
535 2821 2213 3036 ist es kem mutz mitt, dan es mussz allein geij
