2479 3508
1238 146 1605 322 (vingli)
832 234 2325 463 Oedtmall vnser bruder de gem. hatt wort har¬
806 396 2314 582 für bringt. Das vns wysen zu gloncken, Das
795 488 2325 609 fleijten vnd blut Chasich blicken Im sacramdt
801 584 2325 750 mussendt geessen werden, allß wir aber sunst
777 683 2337 847 voll vf getruckte wort haben, Das wir sy geist
787 797 2318 941 lich, das ist Im plauem essen mussent, hoe
787 900 2314 1070 am vi cap: So hoff ick wir send der ra
783 1002 2329 1148 entladen. Da wir mitt dem glauben/ eini¬
787 1113 2253 1293 Jeden wort gottes besth werdt werden Sam
783 1216 2277 1384 wir disen worten int glauben vnd griff
797 1322 2261 1488 Jetzunt Die Dritt gschrifft an, Die Inn
781 1425 2245 1619 Den geschichten xijb: am ij cap: anzogen ist
767 1542 2331 1716 worden/ Der heillig peijt spre. sint die furm
775 1644 2339 1826 zungen, gewesen, sonder In der furinen Zungen
787 1753 2269 1919 oder mitt den furmen zungen. Welcher red
775 1851 2329 2033 much der ein tegerel Inn den furinen zungen
795 1956 2364 2132 hutt ije besthevert hatt. Dan solche noe sich dem
779 2072 2314 2236 verglicht, sam wir den geist gevs In sichbare
763 2169 1418 2327 Denis Instbliessend
1880 2177 2265 2320 Darnach so
804 2257 2292 2427 statt dasselbs meinen. Die furinen zungen
799 2376 2296 2540 sind der theillig geist, ab welcher form man
781 2468 2318 2597 ein bispell mocht nemen Die wort Christi
771 2573 2329 2751 das ist min lijb zeverglosieren, vnder dem
756 2696 1462 2872 brot ist min lijb¬
1213 2776 2058 2987 Pfarrex von santg:
