2479 3508
323 1949 461 2125 4
969 96 1740 264 Die fünfte Schlusswede,
644 242 2204 380 Ich acht ouch nitt, das de hein christenlich meutsch,
652 346 2223 506 Christo zin Er zu sthwechern, Gunders vil mee zu
650 434 2225 586 vfnen geneigt sije, wann alles, ende zu dem Insach ves
644 518 2289 627 nachtmals gethan, nitt boss, Qunders gut vnd loblich
635 595 2293 759 Ist, vnd alles, So gott zu lob vnd Er beschicht, zinem
635 684 2265 829 wort gestrags nitt zu wierr, sol man lassen blibenn,
648 767 2286 914 vss kraft der Opruch Sancti Pauli ad Philippenses
623 856 2293 1022 rij. undiiij. In der meern Ochlusseerd, gnüg van m:
635 971 1258 1133 zoigt vnd erlijtrot,
1094 1071 1679 1262 Martinus buijer
1436 1226 1522 1330 en
620 1284 2325 1430 tur ein andern sollen wir bitten, das bewitt aber nitt,
633 1390 2331 1556 das die Nass. In dero durch das vermeindt wideropfer¬
623 1485 2323 1621 gott gelestrot wirdt, fin güt werck bijc, Es gind' ouch
642 1562 2308 1704 die zusien zum nachtmal, durch die bapstlichen gethan
648 1653 2346 1796 bosz, vnd der frem gottes zu wider, wie In der erklaring
642 1745 2272 1893 diser 6thlussred, unser bruder Berchtold, gnugsam
650 1832 2286 2002 anjongt hat, Cas ander, ff In handlung der an¬
635 1923 1993 2100 dern Chlussred, ouch gnijgsam erklart,
1024 2080 1698 2244 Johannes bijchstab,
589 2259 2238 2442 Von den Zusaezen, hab Ich vorhin gesagt, diewil di
644 2359 2278 2518 mitt ofmer thrift, nitt weveen vmbgestossen, lassen
642 2461 2276 2605 Ichs bliben, Andtwurten witter, vff hern Verch:
644 2539 2280 2697 tolds Inzug, Das Christus gesprochen heb, Lune
644 2624 2246 2792 das In miner gedachting, ende mitt opfern, find
633 2716 2265 2877 Ich, das ettlich der Hebraisthen Oprach bericht, dae
635 2792 2286 2956 facere ouch etwan opfern heist. Doch sey Ich & olichs
629 2888 2206 3047 den Hebraischen erfarnen zu, dann mir dieselb
635 2979 1436 3120 Oprach vnwijssend tst.
1547 3024 1636 3156 10
