2479 3508
30 458 145 548 Cf la
24 1413 131 1577 mij
28 1550 141 1653 all annt
40 1633 155 1738 were
966 127 2046 357 Die erst schlußred is, is
625 315 2042 536 sampt Christi vermeint Damit gnus sin
633 476 2105 637 das sant peter, oder sine nachkomen, uit mo¬
629 575 2103 716 pint houpter penempt werden, So doch ein
627 661 2097 831 Jegkingen Christen woll wussend ist, das das
629 750 2038 919 gestlich geistlich refereren In beiden gesatzen
633 871 2099 1030 gesthetze ist /hocher Jan Wurdigkeit „ an gewalt
609 946 2119 1107 weder Das welltlich Zucht an Den Springh
629 1036 2145 1200 pauli zum Chorinthern, wie er sich vnnd die
627 1149 2119 1327 anndern so diener erkent Daes on zwyffell ein
623 1200 2129 1419 Geflucher aengt gestraffner kunnen ouch dutt siend
633 1323 2163 1470 onch Diener gottes. G ijst onsch zuuerstan, das
639 1411 2135 1601 niemands gehoren zu der kilchen den die nuw
627 1520 2113 1702 gepornen In pott bij denen verstan ich die
641 1601 2115 1786 so on sijne, sind eerstlich vnnd wolgesschaffenn
609 1688 2139 1897 dieselben gelt harti vnter fur recht Christen vnd
651 1817 2075 1964 sagt Dabij, Das die selben, die Christenlich Kilch
647 1887 2214 2093 sind, die sunderen vsbeschlossen, Sert, das den vlbi¬
631 2022 2117 2169 Een niemand moge gedulden liebe vnd annder
641 2105 2129 2244 thugent weys int wie er die thugent als exselt
623 2210 2069 2361 hatt, In der gemeind geben, Das gestan ich
633 2309 2101 2466 alles Ist aber nit gnugsam geantwurtt
627 2407 2115 2555 Vber den spruch Mathei, am xvi Cap: Was
688 2498 932 2577 bindest
593 2502 2113 2659 Du brieff vff extrich Das ist gebunden Inn
575 2599 2167 2760 Dem himelen vnnd was en ontbinnst ende wan
593 2702 2210 2875 das gnugsamlich verantwurt wirt, Das der
