2479 3508
31 690 146 851 1841
27 809 165 928 Mble Naren
23 1808 165 1990 das Einer Oder¬
38 1967 136 2080 becuice
33 2059 148 2163 J'Oxelle
56 2126 150 2247 flon of
31 2253 165 2383 foden grt.
33 2529 171 2640 Fisetwas
46 2598 167 2723 Der 7ber 7
2044 176 2151 270 290
1108 153 1783 339 Die vij. Schluspredi
583 318 2054 477 arbeit, Oann wir sind gottes gehilften, Ir sind
585 422 2140 556 gottes ackerwerck, vnd gebuw, Ich von gottes gna¬
585 508 2140 644 den die mir gaben Ist, hab den grund gelegt, als
583 583 2149 717 ein wiser binnmeister, fin andrer buwt daruf, fin
591 675 2136 796 fecklicher aber tache zu, wie Er daruf buwe, Oann
585 765 2140 899 souil dis fundament antrift, mag niemand de:
583 844 2194 972 hein anders seyen, weder das gesegt Ift, Christus Je
589 928 2201 1072 sus, So min femand der lerenden, die zuhoren also
575 1018 2194 1175 grundet vff Christum, Oa ende Ochou dis fur der
594 1110 2274 1256 verfolgung, kumpt, so wenig wider ende vermag,
571 1206 2132 1310 Als das Elementisten fur, In gold Zibber vnd edel
591 1304 2153 1440 gestein, To ligt es am tag, wietruwlich der lerer
571 1367 2192 1509 das volck mitt dem wort gottes, erbuwen het, die:
568 1459 2201 1588 wil fo ee das leiben, dann das wort gottes, verliesse,
577 1540 2228 1691 So aber Iemand das wort gottes, ende hun lastig leete,
568 1639 2151 1802 das vss. zufelliger verfolgung, die zuhoerenden is:
581 1708 2082 1879 fielen, nitt anders, dann wie das holz, hou, vnd
568 1820 2096 1969 Rufflen, vom fur verzept wirdt, So ligt am tag,
566 1910 2155 2048 die untruw des bevers, oder des ufbuwenden, wer
571 2000 2201 2151 der tag des herren, das Ist, So es dem herren ge¬
571 2071 2176 2217 uult, wirdt Oolichs offenbaren, So aber feinands
583 2176 2182 2307 ter blibt, und die Oi angenomen haben, die mitt ver¬
583 2243 2155 2389 lassen, So wirdt man abermaln sachen, wie fr,
573 2349 2182 2504 gold selber vnd Edelgestem, ufgebuwen hat, vnd
579 2437 2172 2606 wirdt nach sinem buwen, den lon empfachenn
583 2523 2161 2648 So aber femands werck, verbrent wirdt, so gunen
545 2610 2138 2767 De holtz how und Aufflen gesin, vnd wirwol der
568 2704 2203 2834 prediger, Ein thaden lidot, deren zo Er gelert hat,
562 2767 2161 2932 So wirdt doch Er Calig werden, So Er durch das
1879 3206 1969 3359 2
