2479 3508
448 1878 537 2021 2
1109 178 1892 356 Die funfte Schlussred,
1123 298 1778 473 Martinus buzer
727 481 2371 638 Alles was durch Christum vollendet Ist In ewikert,
717 582 2365 742 dem mag de hein mentsth, ein zusagthun, Christus
732 678 2369 819 hat mitt & niem toe, die geheiligoten In ewikeit voll
709 754 2309 895 Lendet, darumb mag de hein mentste, etwas mitt
738 833 2375 995 sinem opfern hinzu tun, darumb zo musz das miss:
730 928 2356 1061 opfern vergabens gul. vnd so man vermeindt, den
717 1022 2284 1165 geheiligsten damitt etwas zij helften, fin verle¬
738 1109 1546 1273 strung des todes Christi,
1227 1239 1755 1411 gidius muur
698 1424 2319 1594 Diewol Christus guijg gethan hat In ewiteit volkom¬
732 1538 2377 1664 menlich, wie Ingefurt Ist, durch Hern Motin buge
725 1619 2363 1762 Ist nittdest minder vns beuolcken von Christo, das wir
734 1702 2307 1845 vns teilhaftig machen, mitt dem taglichen op fer der
725 1782 2253 1929 Dancksigung, vnd der wider gedächtnis der Masß,
723 1867 2359 1985 nitt darumb, das wir Christo zin tiden minderen wel
732 1950 2332 2091 len, vunder dis began mitt widergachtens, des vor
723 2048 2276 2147 einost verbrachten Opfers, wil Ich beweren, mitt
711 2131 2313 2294 dem Opruch, vnd denen worten, die Christus het ge¬
719 2186 2371 2323 redt, das twee In meiner gedichtens, Dann Paulus
730 2321 2365 2456 Zij den Cornithern, hat vns vsgelegt die gedachtenis,
717 2377 2325 2543 dieselbig Etat in verkuntius des sterbens Christi
715 2485 2361 2603 Das Ist aber kundtlich, dann die fuangelisten clar
717 2551 2334 2715 anzoigen, wie da gije geendt worden, das Osterlam
715 2636 2377 2794 des alten gesagt, vnd Ingesagt das Osterlam der kilche
707 2719 2375 2883 en. Dann es was nott opricht des text, das das osteren
719 2806 2329 2933 lamb getodt wurde, Nun halt die Ahrift Juny, Exodi
