2479 3508
736 315 2253 528 weisß zuerhollten, vnnd wie getlich, Das vnser
771 471 2276 620 Das er mit götlicher gschrifft int hat wider
748 574 2255 725 fechten mogen, Ir Christen bedenckens vnnd
1103 654 2257 826 wir erpieten vns aber dabey,
759 696 1053 809 richtens
717 759 2237 916 Er bringe har fur was Im geliept Warheit
1887 879 2249 977 wir willen
1709 879 1791 973 -
744 862 1673 1032 Ist Ir selvs numer vnglich
736 933 2239 1131 Im gnugsam antwurt geben, So aber vff dis
727 1061 2207 1234 ontt Da allein soll mit gschrifft gehaneelltt
738 1160 2247 1307 werden, ander handt, nit geboort, schreiben Er, sel
2075 1284 2236 1396 Wic
744 1246 1856 1433 Im vberflussig geantwurt werden,
721 1310 2228 1499 haben ouch die er wurdigen hern presidentenn,
727 1440 2196 1629 Vlissig gepäten, Si sollen Im vergonnen vff
742 1543 2207 1696 Dissz mahl antwurt gethunde, sins gevallens
748 1629 2228 1761 wellend wir mindert vff antwurten Dan
761 1726 2232 1896 allein so vss. Der schrifft, von Im wider die
763 1816 2258 2003 zwo ersten scheusreden furgebracht wurde vnd
759 1921 2285 2121 all annder roe furgan lassen, O v aber sollichs
753 2026 2253 2211 int hatt suven wegen vnser gnedigen herren
1927 2133 2291 2274 o wollen
765 2152 1904 2308 von Berim mandat, sin mogen,
761 2224 2255 2396 wir Ine gepaten haben, Er thue mit gschrifft
757 2352 2266 2506 harfur was er moge, solle Im verantwurter
748 2434 2278 2611 werden, Das alle Christen sechent, Das wir
769 2541 1526 2711 die eer yores suchende
1621 2587 1743 2667 21
1143 2602 2260 2844 Zwingklis protestatien nach Doctor
1175 2764 2255 2966 Cumraden treijers protestation be¬
1190 2886 1515 3031 schecken
