2479 3508
21 604 133 725 per réun.
19 878 147 968 à moins des
19 947 131 1061 vff dem
21 1038 139 1144 worden
25 1125 133 1231 nfegre
27 1206 152 1356 nur das w
27 1316 156 1431 ts genom.
35 1416 145 1507 nicht die
23 1480 158 1597 zu seinen zu
27 1551 156 1680 ward my
42 1665 145 1763 töcklich
56 1748 143 1786 3d
29 1763 158 1860 mij. v
23 1840 158 1943 in hat, vn
42 1921 145 2024 der tich
27 2024 112 2149 nier
27 2109 162 2215 parm mais
29 2172 162 2294 die bey der
305 1094 415 1233 zij
1902 199 2064 349 133
806 176 1512 349 Die ander Chlussred
505 320 2022 467 een Colichs lert, leert nitt recht, witte, wann man
486 424 2136 556 Opricht, viver kilth, dardurch anzoigend die christen:
511 496 2058 633 lichen gemeind, dampt Iren vorstandern, Die
511 581 2060 718 min So lang har, für die christlichen kilchen ge¬
502 658 2143 785 halten Ist, So Istes nitt war ob got wil, wann desel:
507 750 2068 887 big christlich kilch, ob ende schon vff ettlich tag oder
519 828 2087 988 zitt der bushuertikeit oder hochgittlicher fest, Solich
498 911 2147 1061 Exiß verbijt, gesthicht ouch das, In einer gottlichen
507 1001 2068 1119 meunng, die christgloubigen zu behalten, bij den
517 1102 2141 1223 alten harkommen angenommen guten wungen 1
507 1169 2093 1289 Ist des ein gute anzorgung, das Oi volich Opisen
507 1252 2116 1370 nitt verbijt allwag, Cunder vff ettlich zitt, Der
498 1335 2139 1472 Eehalb Sag Ich das darzu, das die christlich kilch,
498 1416 2045 1570 gestrecklich die selb nitt verbijt, Es mochte aber
511 1499 2066 1638 etwas darfur gehalten werden, So di, die da ge¬
525 1601 2049 1723 wicht werden sollen, nitt annimpt, wann Ei
492 1667 2109 1823 willen haben, felich zuwerden, vnd die, so das ge¬
523 1771 2037 1912 lobt hand, darzu tringt, das bi das halten is,
897 1894 1555 2085 Martinus buijer
505 2080 2128 2255 Der Opruchhalb. Xo. Luce, ouch Matheu. xo. Item
519 2203 2012 2336 Mathei. xxiii. vom hichtvatter angezogen,
500 2267 2078 2394 Refevier Ich mich, vff gegabue met wuxt, vnd
498 2363 2161 2510 dieselbigen Ort Octbr. Cas Er aber des Opruchs halb
507 2442 2068 2587 ad Chimotheum, ein nijwe glos Ingefurt het,
496 2516 2141 2676 aue grund der Othrift, das Er zu verstan vije von
496 2599 2091 2741 denen, So piss vnd fe verbieten, der mening,
502 2683 2174 2836 fothum Inzufuren, wellen wir ouch geen muun¬
502 2772 2051 2944 men, allein er lasse vns bij den worten Pauli,
