2479 3508
995 190 1759 349 Die funfte Schlusßred,
1005 332 1617 483 Werch toldus haller,
532 469 2102 665 Der Othulmeister hatt colicher Jurid wol geraten,
571 606 2094 720 Dann Ei mit wider die Othlus wed. vermag, Ich
575 685 1645 832 frag Jun, was wel glopfrot hab,
247 695 601 913 J.E.G.
1036 783 1647 981 Johannes bijchstab
499 962 2018 1164 Wel het geopfrot van den erstgebornen gul.
559 1134 919 1233 Otharenn,
1011 1195 1680 1358 Vorchtoldus halber,
583 1401 2094 1568 Der thulmeister het geandtwuct, wel habe
520 1537 2063 1658 geopfrot uijt bedruckt mich Je, wel zije besser
559 1598 2151 1757 dann Orie straff, Das Er dann anzucht van
546 1698 2139 1843 touft, zije besser vann der touffer, wirdt aber niet
559 1772 2102 1912 vss. der Schrift erfunden, diewil der touff, fin
571 1847 2102 2002 vsserlich flement, Oemmach hat Maria Chri¬
573 1941 2061 2080 stum nitt geopfrot, Qunders nach dem gesagt,
550 2024 2049 2186 In den tempel öberandtwirt, vnd hebben wol
546 2108 2037 2277 een par Luben geopfrot, wer nitt Christum,
532 2218 1297 2357 wir hie daruon geredt
989 2320 1609 2497 Johannes bijchstab,
610 2495 2157 2673 Ob thon wel besser Ist gesin, dann das opfer¬
516 2608 2090 2716 wirdt dasselb darumb nitt allen thalben musten
534 2697 2175 2828 sin, Oag witter vff den anfang, van hern Gerch:
544 2783 2063 2932 tolden Ingefurt, das die Nafs. ein gruwel vor
2108 208 2263 279 260
