2479 3508
1161 132 1925 309 Die Auchste Schlusred,
705 262 2254 462 Der gulden vnd gangen lichnams halb, Oicht fin
653 411 2246 548 fetlicher, das Paulus prima ad Corin. xii. Die
651 489 2290 625 glider, vnd den lichnam Christi, ablem beschribt, der
651 575 2258 714 noch In disem zitt Ist, lassen vns des vff den text,
644 659 2267 810 werd gelisen, Ons halb disk argument, wol das be¬
665 777 2283 865 wart, das wir fur ein andren bitten hollen, diewil
651 825 2212 982 wir In diser zitt sind, Aber das augusten vnd
653 913 2214 1081 furbitt dero, So vssert diserm zit sind, wirdt nitt
651 1024 953 1177 bewart,
1221 1077 1740 1268 gidius murer,
602 1280 2233 1446 Ich fragen vff dise tweed, ob nitt die vsser welten
623 1394 2250 1574 heiligen Im. himel, all, unsere mittglider sij en
1129 1526 2013 1729 Meister Vlrich zwingen
1532 1681 1618 1784 18
577 1738 2260 1946 Oudtwurf, Si sind unser glider, des einigen gots:
651 1864 2279 2042 halb, den Ei Jeynndan besitzen, mittniessen vnd
636 1971 2223 2113 In namen, Der manigten hatt die wir tragen In
636 2053 2210 2168 diserm zitt, Ome di nitt met vnser mittglider,
646 2149 2225 2290 Dann die heiligen gottes, berurt de hem hij noch ac:
642 2229 2254 2395 beit, noch Ihmerij mer, wie versaijz tat, Oosthalb
632 2321 2302 2500 Oi nitt der glidern sind, van denen dulus an genantem
659 2428 989 2556 Ort redt.
1117 2500 1731 2676 Egidius murer,
680 2741 2191 2907 So die lieben heiligen, mittglieder Christi gind, Co
659 2848 2231 3003 missen Ei euch unsere glider zin, dann es Ist als
