2479 3508
17 492 110 602 in the
23 604 125 720 e
44 1003 129 1094 wem
25 1115 120 1208 schy
21 1161 143 1302 geleistet
23 1279 131 1397 andere
37 1381 143 1516 sund
48 1470 147 1592 und
21 1636 158 1719 vonts
15 1694 162 1837 ix statt
29 2707 133 2797 retirent
1916 233 2037 332 22
839 183 1752 403 Die erst Schenßred
544 359 2087 556 namen Die buß vnnd vergebung der sijnde, vnd
561 498 2078 648 Das ist Das enangelien welches agares allso
517 602 2045 727 Darthut wer glaubt vnnd toufft wirt der
561 681 2080 833 wirt salig over int glondt der wirt verdampt
588 772 2024 924 Alss vss den vmbstenden des hanndels den
561 857 2093 1051 die Enangelisten schriben etc. ist offenbar, Das die
583 988 2143 1152 stheussyll des rychs der humeln sind die pre¬
561 1082 2141 1248 die des Enangelij, die sund vfflosen vnnd ver¬
1929 1188 2095 1279 Das
569 1194 1846 1339 zuchen, Ist verkunden den glouksen
1904 1264 2141 1354 binden
565 1271 2132 1458 Inen Ir sund verzogen sind durch Christum, binnen
579 1368 2116 1545 vnnd vorbehalten die stunden, ist verkunden Dem
579 1474 2105 1659 vmbglouksen. Das Im sine soud vnuerzigen vnd
573 1597 2078 1705 vorbehalten, sind Darumb hielyt es bicht
573 1682 2122 1821 vatter Das Ir bewärind, durch annder gschrifft
559 1781 2078 1948 das Christus nit ein einig houpt sage. Dan
571 1883 2053 2041 ob schon Ir thusent spruch infurend von dem
573 1989 2051 2143 berer ampt, oder dienstbarkeit, des worts
565 2070 2068 2244 werdent Ir doch nit probieren, Das potrus
565 2186 2114 2354 oder Jemand, anders, een houpt sr. Also sind all
579 2290 1671 2450 ingefurt spruch verantwurtet.
1111 2460 1640 2631 Buchtnatter
532 2572 2201 2786 In Dinem namen susser her Jesus Exwurdgen
571 2716 2078 2890 gunstigen wysen hern, gester hansich Das erst
