2479 3508
17 1106 112 1213 wachtig
17 1205 103 1342 J.C. C.
27 1823 110 1935 I am
21 1952 106 2036 grind
160 2572 238 2735 1/70
211 1002 551 1139 vnd wirt ver
209 1116 392 1209 uwen
194 1756 283 1834 40
1846 175 1992 283 200
901 131 1595 304 die viend schlußenden
582 188 2184 439 nachtmael, Is habenn ouch die Juden kein blutt Dar¬
589 407 2192 559 van petruncken. Das man allso rechnung vassen mocht
1707 492 2085 627 wer vnnser
591 504 1464 650 sollcke frm. Dacher Dienen
582 587 2159 738 pundtnus ist allein am Cruiz versichert worden, nach
591 677 2099 814 Dem switen hatt gottes Der sin eingeboren Sun
601 757 2150 903 vmb siner unvssprechenliche gehorsame willen bissen
2028 861 2209 933 Inne
584 852 1884 981 Inn toe hinan Die erweelen geben hatt
584 924 2201 1093 aber Inn der gijt Ist sollche vsßtheillung vnnd be¬
601 1021 2173 1146 sprentzung einem Jeden verhuwen worden so er mitt
582 1112 2209 1253 Der gnad des heiligen geweest vnnd gehelget
563 1192 2243 1350 wirtt, wie man ouch versett den grus petri in siner
546 1279 2220 1445 Epistere, aspersio sanguinis vnnd In der Epistell zuu
523 1390 2216 1542 Hebreern, am ix cap. richtich Daruen gesagt wirtt
544 1462 2169 1635 Darumb solche figur von her Benedicht anzopen hie¬
559 1549 2173 1715 herssich nit rimpt, wer das ist war, solche gnad
568 1650 2182 1834 gottes vnnd ußtheilung, wurdt vns hie verkundiget Do¬
553 1760 2209 1920 rumb man onch gott danckt, sagt, Ich vermein onch
546 1844 2146 2000 her Benedicht soll mir das nitt leugnen, Das keiner
559 1939 2237 2108 sollich Sacrament empfachen soll, er hab Dann vorhin
553 2030 2207 2205 ein glauben Das Im sin sind durch das liden Christi
1886 2131 2205 2245 Das
544 2137 1848 2289 verzigen stond, Dann das gehort Darzu
563 2258 2224 2395 sich der mensch selbs, beware, probiere In der ersten
559 2317 2152 2492 zum Chorinchern, am xi cap: so nun der monisten
559 2429 2171 2576 erkennt. Das Ime das blut schon vfgetheillt ists So
546 2528 2152 2669 wirtt sich sin red mitt schicken, Alß soll es Im
553 2587 2228 2754 aller erst v/ gecheilt werden, so wirt sin bewermuß
542 2684 2230 2859 Das der win oder Jan dem ovin sie wesenlich blut
551 2794 1416 2948 wir eins, nitt gesten¬
