2479 3508
1463 313 1596 411 1/1 sin
681 327 2280 518 tauw Iren mannen allß, Im Hern, wan ein man
673 460 2261 624 Ist ein houpt der frouwen glich allss Chirissus
675 532 2275 681 ist ein houpt der kilchenn, vnne er ist om be¬
1664 634 2263 739 Demnach das ich
681 651 1400 812 haelter sins lijbs ende
681 728 2265 872 aber dabey ein gevallen habe oder daran sche, das
675 802 2286 999 Christenlich kilch solle ein herren, han der sy be¬
694 927 2302 1093 schopare, werniesse, Thiramischen gewallet bruchte
675 1031 2310 1185 Da byn Ich ouch mus hern predicanten meynung
681 1113 2325 1277 Vber middelst minder oberer vnnd prelaten erkennen
679 1195 2331 1396 In der kilchen die da lerend werend vnd straffen
679 1289 2325 1484 mein ick es sie billich / ouch annder fursechung thuen
685 1359 2320 1586 zijtlichen naturffs jren schaffen wo sy mogend die
692 1471 2267 1682 zu anzoich spricht pauens In der ersten Epistell
704 1580 2298 1774 zum Chornthern nu cap:  Was bederen Ir
2044 1686 2308 1829 Item
702 1684 1991 1850 Ich wint zu vch kon mitt der pnten
698 1780 2265 1971 In der erstandern Gistell zyn Chormthern am
685 1901 2271 2059 lesten Capittell, Spricht paulus aber zu Inenn
724 1964 2300 2155 Ich bin vrij mall zu voben komen kom ick nietse
692 2071 2325 2253 will ich och niet wer sochen /. May ein geklicht
708 2183 2280 2365 Christ woll gedencken wo die ordnungen int
694 2302 2286 2464 weren, vnd Jegklicher machte, was er Ovellte
690 2392 2273 2554 wie es zu wurde gan. Spricht ouch paulus
692 2490 2296 2658 wijter, In der ersten Cossell zum Thorinthern
690 2582 2298 2779 am xii cap: In der kilchen sind hubernationen
708 2674 2312 2857 wo min regierungen sind, Da muß sin ein
690 2773 2306 2949 oberer vnnd der geregiert wixt Item zum
