2479 3508
27 2358 151 2468 mines St
35 2449 149 2578 of the sayd
269 1134 358 1245 4
2042 163 2197 234 241
954 221 1711 393 Die funfte Ihlussredi
552 362 2112 521 witter, vittemmal die Ordnung Melchisedech, an¬
571 472 2079 594 ders mit Ist, vnderfunden mag werden, dann
577 554 2098 689 das Er geopfrot het win vnd brot, So muss Je
575 635 2069 774 volgen, Sittenuil Christus nach vier Ordnung,
565 703 2156 844 ein priester genampt wirdt Inewikert, So muß
561 799 2110 900 Er Je ouch ettwas haben wie Paulus Ochribt, das
567 881 2143 995 Er opfere, mag anders nitt harfür bracht worden,
567 966 2123 1074 mitt biblisther thrift, damitt die figur, vnd das
561 1053 1893 1181 Co bedutt wirdt, verglicht moge werden,
987 1206 1622 1349 Werchtoldus haeler,
530 1355 2152 1554 Damitt wir vsz. dem Span komen, vnd Jederman
561 1475 2141 1641 verstand, wie Christus Oije ein priester nach der
573 1568 2135 1709 Ordnung Melchisedech, Erklarts der heilig Dau:
573 1659 2094 1800 tus, zij den Hebreern am. vii. zum erstenn
577 1748 2164 1899 theist Melchisedeth, ein kruxg vor gerachtikeit, al¬
565 1837 2098 1961 so Ist Christus ein kúng der gerachtikeit, fa
556 1922 2185 2092 Er Ist hilbs vnser geruchtikeit, prima ad Corinthios
763 1998 2180 2152 Zum andern Ist Welchisedech, ein knug des
546 2073 2172 2261 fridens, also ouch Christus, zu den Ephesiern am
544 2170 2162 2329 ii. zum dritten, Welchisedoch Ist gesin ein Pre¬
577 2234 2238 2423 ster des aller hochsten gottes, das Ist ouch Christus,
674 2356 2050 2520 Zum vierden, Welchisedoch hat geopfrot,
573 2435 2187 2588 Aber nitt dem Abraham win und brot, Christus
565 2538 2170 2691 aber hat sich zalbs geopfrot, das sollen wir ouch tun,
550 2621 2172 2791 wie Paulus tert, ad Romanos xiio. Junij funf:
565 2720 2120 2828 ten, das geschlecht Welchisedech, Ist nitt bekant
561 2807 2110 2967 In der Schrift, ouch sin tod verborgen, Also Ist
