2479 3508
0 389 122 585 hebben
23 636 116 758 rechap
25 756 118 859 et vous
25 855 124 939 twey
19 1103 131 1267 of the
11 1391 137 1558 verhind
27 1530 143 1636 it diemit
25 1652 139 1747 Ohamis r
23 1743 101 1831 was
21 2033 137 2122 at int gi
19 2339 128 2417 hixt hese
240 1084 499 1259 Dennu
250 1240 385 1398 Si
171 1370 370 1507 1/2
983 154 1606 314 die vierd schlußreden
2004 187 2137 295 176
594 284 2118 495 Cap. Der atam ist Der heillig geist, Darumb
600 444 2149 585 onch die ortt nitt glick sind, vnd wirt sinde troon
573 524 1591 661 Daruss int mogen / erzwingen
1019 579 1756 764 Pfarrer von sant g:
579 648 2200 842 Ich antwort kurtz Christus hat mermalls die
585 791 2214 928 pötterchen geistlichen ding, mit osserlichem anzoget
583 876 2202 973 Alß do er hatt das gnangelium, liet siner göttlicher
608 954 2214 1101 verheissung eroffnet, Ist Christus ein mittell
577 1048 2181 1196 sins göttlichen vatters Darzu gewesen. Derglichenn
583 1137 2271 1292 doch die Opesbell vom spruch Johannes am Cxcap
585 1219 2206 1347 will ich damit In glicher wurde zu den worten
589 1311 2116 1467 Des nathunales des hern disers overt int glich
606 1320 2240 1549 machen somder damit den verstane der worten des
600 1463 2263 1627 nachtmalls Dester basse In geichmuß „ grieffentlich machen
589 1572 2210 1692 vnnd erklaren vnd damit die wert Johannes int
589 1665 2214 1791 gliches wesens nebend Dis wert des nachtmals
581 1747 2145 1897 Insetzen Wellen wir allso Das In den
594 1785 2206 1972 Worten nemend vnd essend Das ist min lijst vnd
589 1909 2210 2084 trinckend all Darusz, das ist min blut werde vns
577 2048 922 2164 mittheillt
1124 2044 1535 2227 Bovinger
608 2151 2248 2353 O Ymnste brueer bekent, Das eis wort Johannis
589 2292 2202 2459 am xx cap. Jesus hatt so ankuchet ende int glick sij
604 2379 2183 2511 Denen werten Das ist min lichnam, vnd will
594 2463 2223 2600 aber damit bewert haben Das die wert sollen ver¬
589 2562 2200 2711 standen werden, vnder dem erst ist min lichuam
583 2644 2236 2787 so wurde Im bass dienen, Das das wasser Inn dis
573 2726 2225 2896 krug gefasset ist vnd zu win gemacht weder diß
821 2827 2179 2993 wollen hiebe van dem anblasen vnd
575 2848 758 2968 ort,
