2479 3508
108 1925 459 2089 der hand
145 2055 374 2163 gottes
2033 143 2157 249 301
1175 176 1798 361 Die viii. Schlusredi
1100 314 1883 475 Meister Vlrich Zwingli
492 486 2161 650 Das die Cherub, Ein bedijtnus der gnedigung, die Chri¬
579 579 2105 725 stus Jesus Ist, gewasen sijen, bezugst Paulus ad
573 660 2236 812 gebrees. viiijo. So min der war gnadiger komen Ist¬
567 754 2114 876 So hort die bedutnus vf, Der grund vom Reinen
565 847 2163 990 Othlingen, Ist fur vns, dann wir allem wider die
559 916 2182 1049 Hilder reden, die vererot werden, wie die Jhlussred
559 1026 2136 1165 lutet, Es Ist ouch nitt not, das man die heiligen
565 1102 2134 1254 liblich siche, dann die form enij christenlicken la¬
559 1196 2147 1354 bens, Im getewort vorgemalot Ist, vnd In keiner
567 1287 2166 1410 bildtnus, Oann die vsseren gestalt sachen, zimpt
561 1366 2093 1507 dem Nentsthen, Aber die Inuerliche des herijen
577 1447 2103 1592 vnd gloubens, mag der mentsth, niet In einem
583 1563 2147 1692 labendigen mentschen sachen, wie geschwigen In
581 1586 2222 1738 enier toeten bildtnus, wiewol das, wegens verandt.
571 1690 2139 1842 wurtens bedorfte, Die Richtbaren dingt, von denen
569 1796 2151 1941 Paulus vedt, ad Romanos. i.o Omme nitt die bildt:
586 1860 2120 2053 nussen, die von mentschen handen gemicht sind,
583 1933 2199 2103 Ounders die bildtuusten, die von gemacht sind
573 2082 1779 2232 Carbij lass Ichs Jeijmal blibenn
1132 2182 1752 2359 Johannes brichstab,
1657 2377 1916 2485 ,,witter¬
529 2357 2188 2556 Ich weisz Ounders vss der Schrift mitt„ Dirzu zereden,
544 2500 2176 2647 Dann allein, das Ti anfangklich sind vfgericht wor¬
540 2585 2157 2747 den, zu vnderwisung der vngesthockten montsthen,
534 2678 2149 2832 So die Othriften nitt lasen konnen, denselben waren
538 2768 2134 2913 die bilder, fur die bucher anzoigt, Diewil Jromun¬
