2479 3508
35 1845 135 1957 hunders
29 1923 139 2075 tigenen
171 188 400 324 mensag
2031 153 2245 255 242
1023 179 1741 383 Die funfte Schlusswed
616 255 1209 414 Ym. xx. 9 tag
1254 314 1527 420 Januar
1021 353 1547 512 gidius murer,
687 520 2192 675 Die gnad unsers herren Jesu Christi, bije mitt
618 624 2135 750 vns allen, Amen, Diewil gestern, vff die ban¬
571 701 2128 840 bracht Ist worden, wie das Melchisedech, win, vnd
577 809 2198 940 brot harfur gebracht, vnd geopfret, von des zusag¬
583 883 2130 1015 es wijgen, So Er Cpricht, dann Er Ist gesin fin
577 964 2145 1095 Priester gottes des hochsten, Ist offen barlich bij
589 1044 2110 1180 bracht, das Melchisedoch, Christo muß verglichot
577 1125 2108 1268 werden, des opfers halb, dann es Ist nitt gnug,
579 1209 2167 1313 das man ettlich verglichung het gethan, mitt Chri¬
585 1288 2133 1425 sto vnd Nelchisedech, Ounders Er muß Christo
585 1370 2163 1523 verglichet werden mitt dem Opfer, da mag migit
583 1456 2063 1600 anders voorss. der Schrift dargeben werden, dann
577 1539 2124 1670 win vnd brot, vnd In dem opfer mussen Oi ver¬
553 1623 2165 1761 glichot werden, dann witt van toe mag mans nitt
565 1688 2184 1851 Oprachen 1 vann wiewol Christus mitt dan tod vf:
544 1808 2147 1949 geopfrot Ist worden, das mag man Melchisedech
571 1874 2141 2014 nitt zulegen, darumb mussen Oi verglichst wer:
557 1957 1562 2139 den Im opfer, wie gesagt Ist,
962 2094 1823 2255 Meister Vlrich zwinglij
636 2275 2114 2451 Ist gnug anzoigt, das ende für und für, got:
546 2379 2179 2504 tes wort zutunde, das Es nitt hat, Es stat allein
559 2473 2116 2581 Er hab win vnd brot harfür bracht, So tijnd Oi
563 2546 2173 2705 tmerndar darzu, und geopfert, Das aber hie diss
571 2644 2206 2793 wortli fmin, das Ist dann, staende, Das Ist nitt,
569 2738 2155 2866 neque greci neque hebrei habent, vnd of es aber glich
577 2832 2173 2987 bij den Hebreern ware, So Ist es doch mij it an¬
