2479 3508
16 740 127 814 nne te
29 961 133 1095 ffm.
27 1086 133 1199 de ce poste
27 1158 131 1261 so muß
18 1244 135 1324 den lichen
27 1314 139 1449 ond te lors
27 1425 141 1509 haben an¬
25 1488 129 1611 o, da Er
39 1583 123 1716 et glaubt
27 1786 133 1892 demain de
27 1855 146 1995 der zwilken
35 1984 125 2085 gangen
37 2036 146 2155 het Vier
225 1322 506 1728 prima
170 1738 256 1878 81
1909 197 2073 291 .121.
881 187 1642 359 Die ander Ochlusred
558 338 2120 465 recht gloubigen gemeind, ouch dem regieren, das doch
554 433 2132 580 weiden heisst, Actorum. ii. Eeren Bisthoff is,
562 523 1872 666 Des alles referier ich mich vff die nta
939 644 1626 808 Theobaldus hutter,
1378 789 1468 875 29
560 783 2167 959 End nach dem bisshar nitt witter anzogen Ist, &c:
551 927 2181 1023 torum am.ii. In dem vorgenanten capittel. Opricht
560 980 2140 1091 fr also, und Ien empfilch Ich vch gott, vnd dem
564 1068 2212 1195 wort siner gnaden, der da machtig Ist zu erbuwen
574 1152 2134 1308 vnd zugaben die erbstgift, In allen geheiligote un¬
586 1236 2204 1369 vss. welichem text clarlich volget, die Robsthaft zu
564 1335 2204 1441 teren, In allen zinen vferwelten, clarlich gemerckt,
562 1412 2101 1568 was gott binem gespons vnd gemachet, der chri¬
564 1503 1609 1646 stenlichen kilchen beuolchen is
974 1638 1607 1794 Martinus Buczer,
562 1796 2087 1980 Ich referier mich ad acta, von disem angezognen
521 1876 1041 2073 Opruch etc. ses
951 2013 1695 2196 Theobaldus gutter
525 2183 2040 2388 Ist mir wolgemacht, und gib das zu, finem
554 2304 2140 2454 milten läser, Ob das die Oagungen der kilchen,
564 2390 2105 2542 nitt vss. dem geist gesin sijen, Camitt wil Ich
560 2476 2068 2614 besthliessen, von kurcze vnd bitt wagen muier
562 2558 2183 2706 herren der Presidenten, wer gestern In die lange
560 2642 2204 2798 angogen, Ein Exempel van der vnuermasi goten funck¬
574 2737 2173 2874 frowen Maria Als ob man Ir hatte vner zu ge¬
