2479 3508
589 2632 694 2856 C
737 315 2289 564 Christo, Sonnders Christus vor der kirchen
751 447 2265 623 von ewigkeit ist, vnnd die klechen Im
763 566 2261 741 Jugelibet, zum andern die etc. prelaten
759 668 2261 877 houpter, vnnd over, nempt der kilch, sind
763 769 2289 956 int houpter/ noch vermogent, den strafft
751 881 2279 1078 Dann sy nit der heilland der klchen
747 992 2245 1191 vnnd die 9 schrifft weijsst midt van
753 1102 2275 1285 gerstlichen prelaten Die da hersthentt
792 1222 2308 1400 Allss habbsz herren, somnders allein von hirten
769 1333 2271 1510 prediger vnnd Dener des wort gottes
759 1451 2291 1593 Zum Dritten, So manglet der klchen
785 1553 2178 1776 Christi kein ordnung van er sy
1433 1693 1543 1768 fact
787 1642 2300 1906 vermussam anzocht, Durch den Oostell
804 1806 2310 2024 Paulum In der ersten Epistell zum Chorm:
779 1926 2220 2105 am Eij zijn Ephesern, am iiii cap.
798 1977 2306 2222 gester gnugsam verhört. Zum vierden
796 2157 2279 2346 die schrifft voorss. dem v' buch Moysen
763 2275 2275 2470 am xvii cap: Onderfichtet die Schlus¬
777 2399 2224 2588 red. met Dan Christus Ist Dec.
735 2500 2318 2707 obrest priester, een dan bedurt hatt das
1922 2612 2295 2764 Darzuso
804 2624 1821 2815 Saraenisten priesserthumb
792 2712 2291 2937 habenne Die vligen priester des allten
