2479 3508
183 3341 436 3457 -
775 358 2290 568 Dargethan Die mit not  zeer zelbenn, Die all Die
813 507 2269 651 bewerende woll Das Christus die heillig chri¬
828 598 2262 749 stenlijcken kilch selbst lext vnnd regiert, furt ouch
809 698 2264 832 zu emem thugenlichen leben vnnd was er ge¬
815 760 2275 913 redt lass er im nach, sagt, er Ja, Er hae aber
817 834 2331 1000 noch nitt bewert Das Christus allss das Jnfliessen
805 936 2314 1094 houpt int regiere die hebben Christenlich Kilchen
822 1041 2294 1177 durch sin gesetzten statthaleren, diser Spruch
790 1115 2288 1275 kemer bewert. Das Christus int die kiechen
815 1217 2290 1366 regiere, Durch sinen Statthiller, den er ge¬
834 1320 1873 1462 satzt hab In ein thugeneich laben.
1237 1435 1796 1669 Berchtoldus
834 1733 2196 1922 Dababen wix nach der lenge bewant
866 1858 2186 2009 das Christus sy Das eenig hempt der
822 1956 2171 2084 sin kiecken lext repiert furt vnnd bringt
819 2037 2147 2199 zu einem thuyenlichen laben Das kemer
1569 2126 2264 2269 Das er aber furwendt
811 2173 1360 2301 Ervatur moglich
819 2224 2228 2394 von einem gesetzten stathaeter, Der sollichs
815 2345 2258 2509 vermoge, Das probiere mit der yschrifft dan
792 2435 1677 2611 das ist Christum geschmecht
489 3324 1045 3452 DATES DES ACTES
