2479 3508
748 177 2303 395 nachtmall oder Dancksagung gatt, vnnd vff
796 333 2317 502 Den hern Jesum Christum int recht ver¬
774 435 2323 584 truwt ist. Der schetzt das nachtmall meijt
774 526 2339 658 anders weder ein ander gemein maell Er schetzt
1790 636 2337 766 Welcher toe
762 626 1758 790 Den tod Christi menen hin/
792 726 2359 869 Jens bij dem wortb. lichuam zu verstan wirt
1160 825 2261 955 Alls. wir vormals ymug habenn
778 817 1005 965 geben
1150 891 2351 1049 Das oven man vom toe Christi
774 923 1093 1085 auffzogt
786 1015 2279 1154 redt, So reden die propheten, Enangelistenn
1174 1113 1553 1270 Opostlen
1637 1115 2299 1280 Darnon Durch
776 1116 971 1252 penne
750 1204 2307 1362 Das wortlij lichnam es erfindt sich ouch In
748 1304 2305 1479 Den selbst worten Christi, Das ist min lich
778 1404 2343 1573 nam, thund Das zu gedechnus min, werden
756 1505 2305 1671 Ovir nitt geheissen Dancksagen, den lichnam
2207 1601 2323 1749 lso
774 1603 1980 1739 sonder den todsam lichnam gelitten
772 1701 2267 1860 tentsthedet der so hie Im nachtmall nitt
772 1794 2299 1938 mitt rechtem glauben, ersthint den lichnam
754 1878 2353 2066 Das is den toe Christi int, das ist ex sthev
778 1986 2273 2161 In menen hin. Es sicht mich auch fur
766 2072 2323 2253 den naturlijcken sinn an, Das er Dis
746 2163 2299 2345 Cherunchern, hie anxure Darmus das sy
736 2263 2279 2454 Wie vormals gehort, ouch Inn den potzenn
1535 2355 2341 2544 vnnd welke allso sagen
726 2404 1344 2562 Malen erschinen
754 2478 2299 2652 welchen int mit rechtem glouwen zu Dem
748 2556 2279 2755 nachtmall kumpt Der versthetzt Je vnnd
748 2652 2349 2837 verachtet, die kilchen Christi, Dann die
766 2773 2365 2969 kilcken der lichnam Christi auch genempt wert
