2479 3508
996 135 1845 337 Die fünste Schlusseredi
642 292 2208 464 sijnde der mentsthen, Das het ouch bezugt, das ilt
616 430 2210 558 Testament, Numeri, xvic. Oann Laron wan om
644 470 2343 627 Priester des alten testaments, welicher gestanden Ist,
657 580 2367 728 zwusthen den labenden und toeten, vnd het gebatten is
1119 679 1757 859 Werchtoldus hafter 1
595 835 2251 1027 Das meister Hans anzucht, van den gebatt woonst¬
659 966 2281 1093 Istalles In Christo erfult, wie In disem funften
659 1050 2384 1220 capittel, glick volgot, vnd Er hat nu tag sins fleistss is
1104 1162 2201 1340 Meister Johannes mannberger,
608 1319 1370 1540 Ich blib bij dem text,
1179 1469 1832 1632 Werchtoldus Haller,
679 1703 926 1866 ich ouch
1177 1785 1836 1969 Johannes buchstab,
1501 1943 1596 2042 18
674 1991 2300 2210 Den anfang diser Schluskred. van hern werchtoeden
672 2113 2313 2313 Ingefurt, hab Ich noch nitt gar verandtwurt, Oag
683 2218 2266 2409 also. Der gegen wurff, das der Opfrer bester sin¬
672 2287 2218 2455 muß, dann was geopfrot wirdt Ist aue Christ,
681 2401 2285 2538 Dann niendert dat mitt v/ getruckten worten
681 2495 2356 2633 das wel besser sij gesin jdann das fr geopfrot hat,
674 2568 2352 2723 wann In solicher gestalt, wurde de hem sünden der
674 2635 2384 2826 Priester, Dorsten touffen, So doch der touff besser, Ist
674 2745 2362 2884 dann der touffer, So hat Maria die müter, Chri¬
674 2839 2367 2991 Aum Intempel vfgeopfrot, Ist doch mitt bester gl. in
689 2951 1258 3084 Wann Christus,
