2479 3508
14 676 125 797 vns
26 898 115 972 moi
22 1004 127 1107 werden,
12 1099 113 1218 fricht
18 1197 117 1298 Grist
6 1272 107 1405 endig
18 1423 117 1546 Vaxen
26 1519 111 1614 in m
12 1749 109 1833 vrhell
18 2194 111 2367 cisser
16 2347 99 2463 vidt
141 1069 634 1266 alsoo ist ouch christus
465 1218 586 1314 der
185 1234 433 1314 syn houpt
181 1286 358 1407 klijsen
1012 165 1642 362 Die erst schlusred
662 328 2127 505 Item allß Her Berchteld ment disvr spruch
674 453 2228 604 zum Ephesern, am v, cap: von mir angezogen,
656 531 2099 674 Zebewisen geistliche werkeit sie wider mich
654 634 2143 789 so doch dabij stach Das christus sich ein behaleter
652 727 2123 865 der klchen vnd aber ick das vßgelassen hab
654 807 2180 962 vnd allein Das angezogen, Die wider sollenn
648 904 2180 1061 Jaen mannen gegersamen vnnd vnderthamen sin
674 1006 2155 1161 Alstimem hern Dan der man ist om houpt
676 1095 2206 1256 Der frouwen antwurt ick das ick eurch
658 1208 2208 1364 Eisen Sprincq allein hab wellen anzoijen, Das
654 1288 2236 1489 houpt sin, werer sin vnnd her sin enis fur
666 1411 2127 1584 Das ander moge genomen werden, Hab
674 1521 2163 1695 Domit Christo nit ovellen abbrechen. Das
668 1614 2180 1759 Er mit sich om behallter der kiechen, Dann
662 1721 2061 1864 ich das in die ewigkeit will erkennen
1105 1821 1640 1992 Bexchtoldus
845 1950 2196 2151 Dir haben mun offt, das Christus Das
654 2101 2182 2266 haupt der kirchen sie Christus ist wer nit
662 2192 2192 2359 mir mousten sonder ouch gott darumb vns
654 2262 2270 2445 bevijler hatt. Das meister vnclus gesagt Christus
662 2391 2266 2548 ses der kirchen Ingelwet worden, alß ob die kilch
648 2493 2226 2652 vor Christo over gewasen, Der doch der ein¬
660 2576 2220 2749 geborn ist aller Creaniren, zum Collossensern
654 2689 2212 2852 am ersten cap: vngerpraet ist, aber das der
654 2783 2234 2962 sonnger, sagt, Christus sie nach der monscheit
