2479 3508
1203 116 1898 301 Die viii. Schlussere,
630 261 2275 434 Betzen, vor welichen man gott, vnd die abgestorbnen
630 379 2228 512 heiligen hat vererot, Carmubman, der lebendigen
617 465 2252 613 heiligen hier vff ertrich, nitt geachtet, en eben wir
630 552 1672 714 vorgesagte Schluszred gepredijot,
1236 712 1894 849 Johannes buchstab,
617 876 2279 1070 Der bildern hebb, das Oi annibitten sijen, oder zu frem
615 1005 2228 1154 mitt gottlicher fo, der meinung wirdt ob got wil
630 1091 2239 1255 D. hein Christen Sin, wir haben Impten. alten Testa¬
621 1175 2275 1335 ment, Exodi. xxvo. Cas Noijses zwen Cherub, liess.
1990 1266 2228 1337 „tertio „
630 1272 2321 1428 machen vff die Arch. Verglichen Im buch „ segnuij¬
630 1369 2239 1491 capite. vii. Eiesebben sind allem fur bildtnus ge¬
630 1458 2203 1601 achtot worden, vnd nitt furabgott, darumb oime
638 1531 2313 1672 Ti nitt verbotten gesin, Cestglichen der frin othlang,
615 1632 2258 1803 die wil Er Ist gesin, Als ein figur vnd zeichen, Ist
628 1738 2294 1866 Er bliben, wer nach dem Ehr angebotten Ist worden,
2125 1830 2233 1868 .
621 1830 2243 1984 het Inn Rechias der küng Juda zerbrochen. iiii.
607 1912 2279 2077 Regum. viii. ca. Varmub wir Christenliche meut:
638 1999 2275 2167 sthen, diewil wir die Erkantnus gottes hand, vnd si¬
615 2113 2239 2241 ner heiligen, vnd aber zi nitt gesachen hand, mogen
611 2188 2182 2346 wir ouch Ire biltnus haben, So Daulus Opricht
607 2237 2262 2433 Ad Romanos. 1o. Das unsichtbar wesen gottes, wirdt
602 2357 2266 2492 ersachen, ende man des warminpt, bij den geschichten
607 2456 2254 2589 der Schöpfung der welt, Also wie wir den Thopfer
615 2525 2266 2667 nitt gesachen haben, vnd aber die gestholpft gachen,
621 2616 2275 2780 zuglicher wisß, So wir die duig nitt sachen, So durch
615 2717 2212 2850 die bilder bedutot werden, mogen wir dero zu ge¬
609 2814 1445 2949 dachtens, haben die bilder
