2479 3508
443 2208 548 2300 21
848 402 2066 614 massuue versach anzoigt, Warinne
2167 458 2358 640 zweispelt
855 552 2287 707 Cosserluch gemeint ^ versammlung In Sveijspelei¬
846 655 2214 808 Een arrigklen des gloubens sprechen soll
836 748 2281 909 Dan Ie em achter sin musz. Vff das
835 844 2281 994 nu zum hanndell, am furderlichsten, griffen
840 949 1052 1048 were
1199 943 2311 1089 wellen wir das erst, Dis heil¬
855 1016 2348 1194 lig Christenlich kirch Dero einig heupt Christus
866 1117 2290 1278 ist har fus nemen vnnd erklaren. Nemlich
865 1228 2290 1390 allso Das dieselbigen ist die versammlung Im
866 1315 2246 1486 geist aller glaubigen allß glider eines lijbs
838 1430 2285 1583 velliche van Irem honet Christo vnnserm
870 1518 2339 1679 Herrn lebende gemacht vnnd allem geregiert
1231 1621 2320 1785 Darmus Dan paulus spricht
842 1641 1063 1780 wirt
840 1699 2332 1886 Der geistlich monsien wirt van niemands ge¬
879 1841 2341 1955 richtet, er richtet aber alle Dins, Deshalb
866 1920 2302 2064 Diewije die gestorifft gewijsßlich von dem
868 2000 1299 2167 geist potes ist,
1347 2002 2320 2163 mag kein, fusslicher Vsserlich
1289 2083 1482 2171 him
2144 2105 2335 2180 genomen
1961 2101 2103 2173 vnd of
870 2116 2332 2257 mittell, Jarum In gelegen, Inzogen, werden dan
836 2197 2341 2373 diesselbige siedtmael der geist gottes, wider sich vande
855 2307 1432 2453 int sin mag,
1448 2313 2322 2449 welliche ouch fruchten des
857 2397 2289 2575 peijss anzogt Dabej die zuckenden wollff
870 2507 2328 2672 erkent werden, solche dan vsschlußt die
876 2603 2315 2741 gemeind, an hebben gewaelt, besonnders des
855 2696 1403 2842 gewallts Christi
1669 2704 2247 2829 vff Das aber
866 2792 2186 2921 der hanneell int verduncklet verd
