2479 3508
240 395 555 545 bij nach staet
238 518 572 637 mett quesmo
1902 146 2042 234 étis
1175 255 1787 445 Johannes buchstab
591 438 2150 578 Nun besthluß, hiemitt wellen wir all vnser reden,
601 562 2138 691 bestblossen, vnd den Christenlichen läser vermant
601 635 2133 785 haben, zu betrachten, wie uff unser gegenparthij¬
574 724 2163 879 Wil hochgelarter luten sind, und bij vns, de hem hun¬
597 810 2150 948 ders gelerter man nitt Ist, damitt alle Oachenn
597 893 2125 1048 vns zu dienend, vff das geschicklichost dargothan
607 985 2198 1106 wurden, So haben wir Colichs ouch vornacher nie
603 1060 2192 1202 gebracht noch geubt, Carumb wir alle Christen
607 1148 2121 1280 bitten, an unser einfaltikeit, für gut gehabenen
595 1240 2227 1365 vnd uns, so wir niet allwagen binn Otherpftsten
595 1311 2225 1476 geandtwurt sijtten, zu verzichen, Dann ein teck¬
601 1390 2131 1532 licher, To Colick Sachen nitt wol geubt, Co Ilands
597 1488 2163 1641 vff einen Jeden gegenwurff, schwarlichen andt¬
610 1564 2269 1705 wurten kan 1 Gott ker is alles zum besten, fiet fiat,
1123 1705 1783 1904 Eheobaldus, huter
568 1918 2117 2123 Opch vnderwirff mich, gemeiner Christenlichen
576 2033 2186 2211 kilchen, wel ouch bij allen Schlusstreden, Co. biss:
618 2152 2158 2290 hir gehalten sind, gemeiner christenlichen kilchen
618 2238 2121 2392 bevolchen haben, Oant Paulus Opricht ad
589 2303 2184 2497 Exh. sios. iiii. Ein herr, Ein gott, Eintouff, vnd
580 2419 2254 2576 frij gloub zye, u Also ouch ein gemeine christen:
607 2515 2179 2649 liche versammlung, geregiert wirdt van den heili¬
595 2605 2165 2758 gen geist, welcher Im zalbs nitt widerwertig
595 2678 2125 2841 Ist, bij demselben zu bliben, Vnd ob Ich geint
607 2772 2202 2943 hatte, In dem waren wort gottes, mith Zuberichten
