2479 3508
481 981 562 1132 B.
1007 128 1716 309 Die dritt Schluskred
656 287 2295 460 nant, Oermissen het ouch der herr gethan, Die Juden
636 400 2227 541 fragten nach wercken, von denen wolt Er Oi zum
660 487 2320 630 glauben zuchen, vnd nampt noch Ir Red, den glauben,
647 558 2276 698 Ein werck gottes, das Ist, fin werk, dat bij gott
651 643 2280 803 gelten wurde, Als hette Er gesagt, te fragen
660 724 2310 892 nach wercken, damitt Ir gott geuallen, glaubten
654 811 2316 973 Ir an mich, das was ein recht gottlich werck, vnd
654 898 2284 1043 wurden minem hunelschen vatter gevallen, Das
666 986 2288 1103 ander alles, Ist In der erklärung hern Berchtel:
656 1075 1533 1220 den, vberflussig erlutrot
1088 1171 1771 1362 Johannes buchstoo,
609 1335 2316 1537 Er bringen mir zu zitten glosen, aue volkomme schrift
588 1452 2295 1624 Als ouch gestern In der anderen Achtusschreven, Oo Ich
647 1545 2305 1703 harin furt, drij Oprich, fey In dise Aglussrer ouch
656 1628 2335 1780 dienende, zu den Chilippern am. 1. vch Ist gaben hu:
660 1720 2212 1871 tund, Prima Petri am. ii. Christus hat fur
677 1807 2212 1958 vns gelitten, Prima Johanus. ijo. welcher
654 1895 2312 2050 Opricht, das Er In Christo blibe, der Sol wie Chri¬
677 1980 2271 2135 stus gewandlot hat, ouch wandlen, Durch so¬
660 2063 2316 2229 liche Schriften, ouch gnugsam offenbar, das der bloss
668 2154 2327 2325 einig glaub, nitt gnugsam zu der sol salikeit Ist,
639 2242 2316 2408 metwint mir vff dieselben doch Opruch, gestern
647 2344 2301 2497 Ingefurt, das Christus liden gije zu verstan, von
668 2429 2252 2593 dem liden dag vns gott zuschickt, vnd nitt gelbs
668 2520 2195 2676 erwetten, doch ane schrift, dag hieby, das an
668 2567 2318 2770 Christum gloubende, In stm. halt, Alles das, 60 Rm.
666 2680 2327 2848 nuwen Testament geschriben stat, zu volbringen,
675 2814 2291 2940 vnd angemamen, als Christus spricht Johan¬
