2479 3508
336 1447 565 1543 # loeten
708 346 2280 577 Das her Berichtold Iets gemeldet hatt, Der Dienst¬
726 510 2292 659 barkeit halb oder diener wie sij sich diener nemen
753 583 2282 749 gnugsam verantwort, Das thut ein kunnen, ouch,
1786 679 1903 747 mit
960 698 1148 769 to mocht
753 675 2300 843 ist darumb mit ein kunnen, Ist mitt vorzimlich
743 773 2267 935 noch vinnochlichs Da har bracht, ob schon einen
741 876 2296 1056 vand genent wirt ein werer vnd vnderthan
733 974 2312 1130 zuuerplichen, nit gegen einnen, sin Hertzog In eint
726 1066 2312 1242 kunpkrych, mag genempt werden ein vnderthan
694 1156 2341 1312 Er ist onch ein werer, zu verglichet, Dem kunij¬
745 1258 2300 1441 so ist er ein vnderthan, zu verglicher gegen sinen
743 1371 2308 1545 vnderthanen, so ist er ein wereren vnnd wirt ge¬
753 1481 1960 1660 nempt em houpt. Das ist eins.  20
753 1610 2339 1852 Vff Das ander Zeant winnen, bezug ich ist mir
759 1788 2355 1946 mit mehlich gleub ouch Das wenigens mogelich
747 1889 2304 2024 ordenlich Inn Das houpt zefassen, geantwurten
759 2001 2275 2147 Mijn sijn der pründ vnnd vrsachen harnach
733 2087 2224 2230 volgend, so vill. Das ick die nu woll be¬
747 2200 2343 2325 Haelten man. beher aber das mir her Berchtold
733 2265 2316 2419 Een nochmals groffnen will ick Darnach aber
747 2392 1177 2509 antwurten
1183 2486 1739 2668 Vorchtoldus
784 2623 2316 2848 Cromen Cristen es hatt ein kirtzen bestheid
722 2746 2355 2949 Die gleichnus so er har fur bringt Das eint
