2479 3508
962 186 1560 351 Dis erst schlußred
595 309 2131 553 am xiij cap: was een get ist. Das
1205 453 2206 632 Dann ist die heillig christen
602 489 1035 650 ist geordnet
595 553 2169 762 bich kilch van Christo Jesu Dornub muß
602 654 2175 884 ouch ein ordnung darzu sin. Wir finden
628 810 2143 958 durch een propheren soo am x cap:
610 890 2133 1107 Inn der versamluwe der klchen Der
597 1015 2143 1199 hell, Da ist alle vnordening Over
610 1127 2127 1317 Inn der klchenn Jesu Christi acht ich
602 1215 2149 1428 nit, Das sy vnvolkommer syn, Dan die
597 1345 2149 1524 Smagog der Juden, Hett ghan houpter
608 1452 2113 1658 oberer, aichter Eenproniiij, am xvii vande
1281 1576 2039 1724 was da ist ijs in
614 1606 1015 1776 xxem cap:
597 1662 2153 1887 Vinster vande Irrig Das man Dogh-vles¬
565 1790 2179 1993 hin, har mussen zu einem entstgen komen
608 1911 1468 2095 Als fur die oben
1572 1921 2131 2059 Allso mein
589 2007 2157 2224 ick ouch. Es sich bij vnnser christenlick
573 2123 1349 2324 klcken, ouch billich
1051 2304 2033 2552 Hexchtoldus meijte
698 2508 2065 2747 Seister inclus spricke, Christus sig
608 2695 2111 2865 ein Inseliber houpt der klechen Ist ein¬
595 2783 2125 2981 Jnthumb. Dann die Kilchen, int vo¬
