2479 3508
217 413 476 602 IR.
269 571 430 754 160
584 182 2331 432 allenthalben ist, so muss doch Darumb der minsten
582 350 2325 552 Christus ouch mit allenthalben, sin Dan die monstheit
591 469 1484 632 Luit zur potheit werden ist
1740 484 2314 613 Wir warten euch
615 563 2294 754 zu selcher herligkeit zukomen nach vnser mass Da¬
619 667 2199 836 xiiije werden wir aber, met dest weniger Dem
597 776 1512 928 lyb nach an einem ortt sin
1842 786 2331 917 Das aber wijter
602 886 999 1058 Inzogen ist
1036 873 2299 1067 wo der lijb Christi musse an
610 971 2272 1164 enem ordt sin / so vnnde volgen Das er billich
613 1106 2277 1264 theophorus Das ist ein yetreger genempt werden
639 1219 2246 1386 sollt als der mitt selb. gott were Da
632 1314 2231 1488 sagen wir nein zu Er ist ein warer pott, vnd
626 1416 2299 1608 Der pothent nach allenthalben Er ist aber onch ein
597 1525 2227 1686 warer monsten, Demselbigen nach ist er allweg
608 1625 2342 1803 nur an einem ort zum all Dan die getlichen voorschrifft
615 1727 2268 1918 vns een monstgerij, mitt anders fingen, vnd
591 1849 2296 2016 warlichen solcher furwurff schmacker mach en
615 1947 2266 2144 Ich waren Jochums, Des wir doch vnser liebs
2086 2053 2316 2153 Als
602 2062 2016 2231 bander Dheins wegs wellen gezogen haben
604 2155 2277 2301 ob die meustheit in Christo mit der yecheitt
580 2253 2283 2440 vermisthet ware, oder aber Chaissus kein warer
608 2296 2346 2546 monsten gewasen ware, Es dient Inen ouch gar undt
593 2466 2333 2650 Das sy har fur bracht haben Das Der her vss.
617 2585 2325 2759 dem gras vnd darnach zu den Jungern allß die
617 2683 2346 2874 thur bestehlossen waren, gangen ist, Es stat int pe¬
617 2798 2355 2981 schriben. Das er zum bestflossenen, oder durch
