2479 3508
1313 118 2035 322 Die vii. Thlushred,
693 284 2291 442 das fijgfur, Dann Oo Er nitt hewus wurdt gan,
700 390 2300 535 bis sy bezalt het, So wirdt Er darnach harus gan¬
693 490 1259 637 Oo Pr bezalt het
1280 558 1947 719 Berchtoldus heller,
1536 696 1649 812 1
729 698 2371 930 Das de hein faij fur moge giu, Ist mitt Clarer Christ,
691 828 2347 1003 In erlutrung der Obluspred, gnugsam dargethin,
722 928 2274 1077 vnd blibt noch bestandig, vnd unuerruckt, Een
712 982 2293 1200 Opruch aber Mathei. v. Ooder Othulmeister vff
708 1088 2328 1256 das fagt fur, zuchen wel, hat den Oum, den ouch die
717 1197 2340 1363 vorganden wort Christi, zum teil anzoijgen, Er hatt
710 1283 2359 1455 geredt, wie man sich mitt dem bruder versunen
722 1368 2366 1538 solle, fe das man die Opfer, nach bruck des geseyes,
734 1446 2340 1607 vff den altar lege, In disen worten aber gibt der herr
738 1536 2364 1692 ein Exempell, damitt Er vns tribt, zu versucen
715 1609 2369 1796 mitt unserm nächsten, End Ist das die meninnige
715 1697 2331 1869 So drij gelten, dich fur gericht beruffen, vnd du¬
731 1791 2338 1992 feij, vnderwigen mitt Jun warest, zum richter,
726 1879 2352 2063 wie mochtest bas handlen, dann das du dich mitt Im
719 1973 2366 2127 gutenklich vertrugest, Dann Oo du die Arange de
386 2056 2288 2248 S H V lechten weltest erwarten, vnd mochtest aber der
729 2137 2354 2298 Othuld nitt lougnen, was volgte anders dicus, we¬
736 2224 2331 2383 der das dich der richter wurffe In die vancknis, bis¬
743 2305 2309 2487 Du die thuld bezaltest, biss vff das minst örtli¬
734 2390 2321 2570 Cas Ist min das Exempel: damitt Christus vns
736 2477 2331 2641 lert, Jo Jemand in bruder beleidiget, Co. verschul¬
726 2591 2331 2757 dat Er Tich gegen Im, darumb Sol Er fliss anke
745 2653 2347 2816 ren, das Er sich mitt Inde versinne, damitt die be¬
734 2750 2272 2894 leidigung, nitt werde bracht fur den obristen
745 2851 2343 3026 richter gott, vnd derselb dann Sprache, Ou thalck
