2479 3508
201 1919 296 2033 37
165 2414 353 2581 bisum
110 2653 395 2845 versamlung
2099 152 2192 235 51
1074 165 1740 349 Die erst schlußreden
558 313 2105 547 Also zweyen, Darumb an Zwijffell ein Jegklicher
543 486 2167 649 Christ woll ermessen mag, Das da nudt nutzers
543 607 2232 733 vnnd darzu midt gewissers, dan zebliben bij einig¬
562 679 2093 820 keit der heilligen Christenlichen, klchen, Dan Je
558 750 2133 924 Der geist pottes Ist nit ein geist der Zweyung vnd
562 837 2171 1036 zwytracht, er ist der geist der einigkeit ferren
2074 945 2186 1006 zec
556 970 2205 1118 die wijle von der widerparthij, Je das verdags get
554 1042 2219 1228 Ist worden / Das die verstrafft soll geurtheillt werden,
564 1146 2186 1317 so sagt egarti bucer / Es hab hut min her Doctor
564 1268 2196 1431 Wolff gans Capite, int on & schrifft geredt, Das den
558 1338 2143 1509 text erjachou xviij cap: red, van der sijne, Ich hat
562 1494 2141 1623 wer uit gesagt, Das der Doctor Darmus om
571 1564 2114 1738 yschrifft redte, Das der text seit van der sijnde
556 1680 2093 1828 Narmus hat ick aber gesagt, Das der Doctor
562 1759 2107 1924 redts en ystchrifft, Das er v/ gebussen hat den
545 1860 2129 2040 glauben, vnnd sagt, deser telt sollt nit verstanden,
541 1970 1237 2107 werden vom glonben
1458 1976 2148 2129 Wie woll sin bruder istz
1330 2000 1429 2139 -
490 2063 2186 2245 Marti bucen vnnd das recht verjatzet vund nach¬
545 2186 2076 2336 gelassen, hatt, Dann es volgst Je uit, er
552 2272 2046 2452 redt von sijnden, Darmus redt er int venm
556 2378 2192 2530 glouden/ oder nuß glouwen, Dan Je der mißglauw
535 2482 2131 2627 die hochst oder allein sund genart wirt, Das
535 2564 2107 2716 Da aber mann buur, so hoch vnne treffennlich
537 2659 2186 2826 ermandt hat/ Dis Christenlich kennen ein vff suchen
556 2767 919 2919 zehabenn
1131 2780 2192 2932 Wer Is die sijnde die rottinsen
