2479 3508
252 982 401 1147 <INS>
382 672 630 833 Demma
394 823 502 999 Cr
1098 119 1753 299 Die dritt Ochlussred
1009 280 1726 437 Theobaldus hutter,
604 432 2283 625 Als Delagius furbracht hat, den Spruch zu den Ro:
668 553 2292 687 mern am. xi. So is vss. gnaden is, wussen wir
666 657 2332 810 wol, das all unsere werck, gijen vsz. den gnaden gottes
672 731 2304 869 Er Opricht aber wider, ad Romanos an dem ii. capn.
661 810 2287 965 Mitt die da horen das gesagt, Guid geracht vor gott,
666 899 2326 1018 Ounder die thuijer, werden geracht gemacht, In we¬
657 992 2247 1124 lichen worten fr wol spuren mag, das wir zu der
649 1068 2239 1208 gnad gottes, vns sollen Othicken, zij den werckenn,
681 1145 2260 1310 Hann als Jacobi Stat, das der gloub ane die werck
657 1217 2268 1393 toe Ist, der da ouch ein gnad, vnd ein Jngosijne gab
657 1346 916 1467 Ist is,
1045 1382 1480 1554 Herr Polen,
608 1533 2304 1711 Alles So heur ffarrer geredt hat, Ist alles vfgelost
661 1651 2196 1781 vnd erfliert, durch der predicanten vnd andere
659 1747 2109 1908 andtwurt, darumb referieren wirs ad acta,
1041 1870 1753 2073 Eheobcldus gutter
604 2037 2307 2247 Ich hoff her Polcij, so fr mich amnicht, das min
615 2179 2296 2321 angezognen Spruch, nitt gnugsam sinderklart
636 2258 2264 2434 gegen zuier Jurid, Hoff Ich gnugsamblich wider:
668 2347 2290 2514 stand thuijen derselben Jured, vnd referier mich
653 2461 929 2599 ad acta
1009 2523 1914 2703 Her Josephus forrer, ffar:
1060 2652 1662 2794 rer zu Herisouw,
555 2754 2222 2962 Wolgelarten wijsen und lieben, der Anzug. Co
