2479 3508
284 2068 559 2208 prina
315 2212 455 2368 2s
1123 126 1879 311 Ede ander Chustred
731 252 2322 469 angesuchen hat, Ist ouch Solcherbruch, zur zitt Pauli
735 382 2326 542 Othon gewesen, Als wir lasen am xvi. der ersten
748 488 2332 620 zu den Cormthern, Da Er also Othribt, vff der Pa¬
737 573 2336 707 bathen, einer here bij S nn. Calbs. ein getlicher vnder vrij
784 646 2346 812 Der Apostlen tag halb aber, haben die alten, wen
737 729 2314 857 Solichs bedacht, das das volck zusamen kam, vnd des
719 812 2332 965 Roubens der Apostel, Compt den gottlichen gnaden
735 910 2291 1036 durch das wort erumerot wurde, Ist aber nie ge¬
731 995 2320 1144 wesen, das Oolich fijren, bij den Rechtgloubigen, fur
737 1079 2289 1243 ein notwandig gebott, das die Constiencq binden
729 1170 2261 1306 solt, gehalten worden, Die Cum aber vnser
731 1265 2334 1414 andtwurt, Ist vor euch anzoigt, was da notwandt
725 1347 2332 1489 flust vsz. dem gebott gottes, Lieb gott van gangen
719 1434 2338 1586 hertzen, vnd din nachsten als dich Silbs, Item was
725 1523 2253 1686 vss. gesegt der Othrift notwandig beschlossen
723 1625 2316 1775 wirdt, als pittem esse Jngenitum, den vatter
725 1710 2257 1865 vngeboren sin, Een Ann dan vatter glich, vnd
717 1792 2316 1966 der glicken, Das erkennen wir In gottlicher Obrist
723 1895 2320 2054 gegründt, Die Bijstlich kilch ver het vns vf
719 1997 2326 2135 getrocken, das nitt allein vsz. dan wort gottes, In
699 2082 2332 2230 Der Othrift verfassot, nitt flust, Ounder es winge
729 2175 2104 2340 offen bar, demselben widrig erfunden,
1093 2308 1946 2486 Meister Vlrich Zwingli,
766 2466 2305 2610 Die begur Ich lieben bruder, ettwas witter, von
715 2551 2265 2752 der ewigen Reinkrit Marie Zureden, vss der
707 2665 2271 2817 vrsich, dis vns die Bijpstler v gaben, I am wir
1469 2781 1643 2858 armet
711 2775 2273 2921 die Fr Marie verkleineen, ende doch si, die aller
711 2862 2275 3045 grösten Othmach, vnd argwan Ir Junckfrowsthaft
