2479 3508
1749 162 1887 259 162
935 143 1487 309 die vieren schlußrae
580 261 2165 459 vnnd van Dem Das er geben wierdjallsz In kunffti¬
592 396 2087 531 Oom allß geschechen ist / nach Dem nachtmall
598 493 2109 646 die wijl min Eijse wortt, Johanus am vi cap:
588 556 2099 705 vnnd die wortt des nachtmats sich so vast
586 634 2137 798 ein andern verglichen, so Dorffen wir bestrap kemer
594 764 2137 899 glos nach Inhalt des manndats van das lutter
586 820 2208 984 wort gots. So wir aber ein glos hie mussend
586 921 2054 1073 bruchen wurden vill te anzenemen sin, die
596 1022 2056 1190 glosen Origenis Cypriam, Hilarij, Jheromnin,
584 1099 2091 1283 Ombrosz, In pelti, Christianii, theophlaecti Die
590 1218 2042 1388 allsamen, ein trechtenklich hallten, Das die
584 1293 2081 1462 voort Johannes am vi cap: vff Das Sacrament
584 1392 2135 1566 Eucharistie dienend mitsampt der gantzen chri¬
1394 1497 2081 1626 des ist min mynnen
596 1509 1143 1673 stenlichen kilchen
580 1541 1822 1727 wer en wortt Johannes am vi cap:
1109 1715 1604 1909 acolampadius
614 1770 2174 2050 Sieber Schuemeijter by den worten Johannes
596 1967 2180 2119 von dem brott Das vns das lebenn gijtt, brin¬
610 2036 2176 2220 pend Ir gantz inchts wider das so hut so gevallu¬
596 2129 2097 2315 glick alss den worten Johannis angezogt ist
604 2244 2192 2374 Man hatt mitt geredt, Darum wie manig veetig,
578 2347 2163 2485 klich der namen des brotts genomen mogt wer¬
911 2426 2145 2586 Wir mochten vth sunst Darneben
590 2450 764 2600 den
586 2505 2123 2670 auch anzeigen van den broten die manigfaltig
598 2614 2188 2794 sind worden, van denen ouch Inn dem Cap: stet
596 2729 2151 2921 gestoriben, In summa Der her will allein sich
