2479 3508
602 160 2358 385 mals allweg, vnd uetz onch des verstands der wor¬
615 328 2334 494 ten Christi, Das ist min lijb berumpt hatt
612 422 2275 602 Sannich Das vss. krafft derselbigen, Das
606 525 2292 674 brott, In den lijb vnnd der win In das blut
615 645 2332 796 Christi verwandert werde, So ist klare das
617 720 2367 899 er sollichs vss. dem grund zucht, Das P Christus
641 827 2282 998 sollichs wort geredt vnnd deren die krafft
641 921 2352 1089 verlassen hab, Also welcher den nachkomen
648 1019 2308 1212 die wer das brott spricht, musse die zall
628 1129 2301 1312 Der overten vnd den verstand Christi by der
582 1232 2314 1424 hand behallten, sunst mochten en der pfarces
628 1339 2282 1520 Dhein grund anzoigen sollchen krafft Die er
658 1481 2253 1645 den worten zugeben will, vff so er des
654 1568 2299 1750 sums ist, So frag ich Junij ob er In obbemelten
608 1689 2312 1855 worten, Das ist min lijb So er sy wer die offleten
623 1770 2343 1964 oder weer Das brot spricht, den tödtlichen oder
643 1877 2360 2045 Verblichen lijb oder den vntodlichen Clarificierten
641 2008 982 2177 verstande.
1293 2043 2253 2240 farrer von Openzell
571 2190 2247 2376 Weist, er woll welchen lijb er Inen geben
619 2255 2343 2463 hatt, der Inen das empfolchen hat, Sprechende
588 2430 2297 2562 thunds In minen gedecht mus. den lijb der
588 2485 2264 2697 gelitten hatt / Den heb der Zehuwel gefaren
1245 2614 2021 2791 Walltherns klarer
713 2721 2308 2977 ssum wir den lichum Der fur vns
