2479 3508
22 462 122 594 vnnd
18 584 138 672 Ihr mit
18 674 124 766 sempte
26 738 140 891 Christus
24 841 136 995 durch
24 975 118 1065 min
26 1095 116 1165 masu
32 1157 122 1267 dalles
28 1377 140 1477 Kleijsch
24 1475 118 1611 elches
1983 140 2071 236 13
977 116 1759 382 Die erst Scheußree
1875 290 2151 490 26
989 382 1579 556 Bichtvatter
606 512 2107 738 Als Her-Marthin Bmer, hatt hem mr zogen
618 690 2123 835 ein lange red, ane ystgrifft gefurt, vnnd geben ein
608 792 2083 923 exempell van einem kning. Der macht hab
608 881 2049 1027 Inn sinem krmprich gewaltigklich Zeregieren
606 977 2167 1093 Er hatt ouch Das wussen der gesatzte statutenn,
630 1055 2069 1211 vnnd ordnungen wie erst dan genempt hatt
612 1153 2101 1303 Dasselbig cnssen oder erkennen, der statuten vnd
630 1255 2119 1409 gesatz, habend ouch sine Doctores oder Rhat mo¬
630 1345 2109 1495 gend aber nit darmus kunnen genempt werden /
614 1443 2073 1587 Nun sij es hierinnoucen also Das man beliebe by
632 1537 2125 1693 sant patter / mag meniger predigen oder leren,
612 1645 2091 1789 das sant peter hatt gelert, mog aber darumb
632 1761 2101 1877 Int ein houpt genempt werden/ mansels halb
616 1841 2077 1991 das er int hab een gewaelt Zeregiern Wen
632 1929 2095 2083 ich hesthrifft darth, etc. Das sant petter den
632 2023 2125 2189 gewaelt von Christo empfangen, hab, hie vff erden
630 2125 2119 2259 wer die christenlich kilch, vnd das nit allem
614 2213 2087 2373 fur sich, Sonnder in ewigkeit, fur sich vnd
620 2319 2109 2462 sine nachkomen/ wenn ich das thu, So hoff
618 2424 2147 2544 Ich darnach syg vmb ein kleins zechund, sie
624 2522 2183 2678 onch kem hotslesterung, ob man schon den namen
592 2612 2197 2776 Eins houpts ein sollichen Statthalter Christi gönnen
622 2712 833 2864 sollen
