2479 3508
493 1147 677 1269 kounen/
762 433 2317 578 mit kterm hertzen vss. allen anzognen spruchen
799 555 2237 690 so hatt der bicht vatter int wijters bewert
787 628 2326 822 Dan das samt peter, ein für treffenlicher die
791 744 2305 901 ner des mangelij vnnd har kein houpt ge¬
1439 851 2320 1000 Darumb begeren wir noch
739 837 1153 1011 op een ist
795 893 2291 1106 hutt bij tag ende schrifft die petrum zum houpt
816 1033 2334 1178 mache. Die kiech leren (mer hatt kein apo¬
839 1137 2268 1290 stell nie kindt) ist der kirchen diener
839 1228 1644 1406 sin vnnd int houpt./
1209 1365 1798 1551 Buchtnatter
870 1503 2278 1738 Ver harti vnter hatt am ersten anzogen
839 1651 2284 1837 Ich hab den Spruch des ersten buchs, the¬
799 1754 2226 1920 gum ^ xv,, gestern verantwurt, hijtt wider
1187 1862 2293 2034 Darzu sag ich das ich den¬
804 1876 1073 2013 anzogen
822 1953 2253 2104 selbigen Spruch int anzogen hab, aber ge¬
814 2087 2266 2226 meldet. Das gestrig zulassen, durch In
804 2152 2226 2317 beschechen, ein ant wuxt zegeben. min
808 2243 2226 2411 Jets zum anndern. Das er befert vnnd
810 2350 2243 2508 mich tringt ein heutern text Darbringen
814 2440 2175 2609 zu bewaren Das perens ein heupt Der
806 2539 2179 2694 kelchen st. Da mem ich Im sy gnug
804 2622 2243 2796 bestheegen. Joch bewert han Das
833 2734 2295 2895 samt peter, hatt die regierung der
