2479 3508
1090 293 1399 450 Domit
795 328 2299 591 merentheil „Im prediger orden vffenthalbten
801 504 1756 647 ein zijt lannen vffenthallten
1849 529 2293 662 Das sy fur¬
807 598 2285 774 geben, Samt Dominicus, bgab van vnser
795 683 2308 870 heben frouwen erlangot, Das kein prediger
791 778 2165 942 minch evensklech verdampt werde
786 880 2048 1015 findt man In getancken buichern
2106 899 2308 1011 Das
805 980 2297 1143 sant franciscus derlichen alle parfusser vss
801 1085 2304 1262 dem fehfur neme sind das int grosse
768 1187 2301 1361 vortheill vnnd absunderung van gemeinen
789 1291 2314 1438 gleubigen vnnd waren Christenlichen glauben
795 1392 2291 1577 vmb kurtze willen lassen ichs vollenn, sel¬
780 1498 2283 1654 licher stuck etwan menges ouch Dem pro¬
789 1604 1604 1762 minciall well bekant
1625 1615 2289 1745 wir machen pott
751 1698 2274 1839 vnnd alles guts, lieven gschrifft allen gleich
776 1812 1505 1953 bigen gentzlich gemein
1691 1812 2245 1974 Mim lugend
776 1872 2272 2084 Twee die sijnde, die khoten weder verbenn
780 2015 2314 2158 anrichten, Dan wir Je int Jeverangevurten
778 2117 2293 2285 haben, was annder thorechus oder böse lut
764 2214 1164 2389 furnemen
1413 2254 2293 2405 Das aber der promen
780 2306 2266 2519 nabl. vss. Dem das getz. sunder, so die
755 2436 2274 2573 warheit des Enangelion vff den plau
730 2528 2283 2739 wider komen ist, sich vill secten en hebenn
760 2636 2266 2810 vern. weeke. Das heillig Enangelien, So
784 2727 2316 2910 nudt Dan ware einigkeit vnd rechtgeschafft
2121 2880 2212 2978 10
