2479 3508
757 263 2230 462 Des brotts hals, das Inen In der wuste gebenn
742 401 2245 534 was, So erklärt er sich noch offenbarlicher, vnd
750 494 2197 658 spricht, Es ist war, vwers vatter haben, das
763 586 2234 755 mann, oder huwelbrot Inn der wuste gessen
765 694 2176 856 sy sind aber gestorben. Es ist ein brott, Das
753 797 2239 938 van Himell komen ist, Das welcher von dem
750 887 2232 1047 lasse, nimmermer sterbe, hie erfindt sich offenlich
778 984 2197 1137 Das Christus sich alles allein deßhalb ein brott oder
774 1083 2184 1261 spyß genennet hatt, Das er die einig na¬
750 1175 2217 1339 rung vertröstung vnnd sicherheitt, der well ist
717 1289 2205 1436 Dann Das brott des sacraments essen, Das
732 1377 2176 1520 behaelt mitt ewengklich binn labenn. Ich
738 1476 2159 1591 bin das brott des lebens Das vom hunell
729 1558 2197 1711 herab komen ist gewussen wir woll das
727 1658 2159 1810 Christus vom himell heras vssz. krafft Des
750 1766 2155 1915 heiligen geists Inn dem Jungkfrauwlichen lijb
742 1867 2237 2028 maris empfangen, vnnd erborenn ist, Er ist aber
750 1963 2249 2136 Des lichnams halb allein mitt der einig trost der
786 2075 986 2194 Seele
1045 2073 2150 2236 So min Christus pott vnnd
721 2131 2207 2312 monsten bede Doch furnemlich nach der
750 2268 2239 2436 gortheitt der trost der selen ist o ver¬
765 2360 2176 2516 merckend wir eigentlich, ob wir glich keine
752 2459 2217 2588 nachgende wortt, hettme Das hie brott vnd
759 2577 2236 2749 essen, allein genomen werden, fur das glouwen
765 2670 2300 2844 vnnd vertruwen, Inn gott durch Christum Jesum
776 2772 2274 2960 vunsern bruder welches doch alles allein ein
