2479 3508
18 920 117 1013 Monsieur
27 988 117 1142 Rentier
293 326 480 478 65
184 535 275 636 40
162 631 512 785 # Vber Aau:
223 761 375 877 hun.
1972 141 2122 252 285
1130 162 1794 348 Die vii. Schlusfredi
558 303 2138 478 dechan, Restituere reguum) ffrahel oder dei, ver¬
574 424 2060 570 tusschot, wederumb gaben, vertutsthen
547 506 2099 613 wir, wider vfrichten, An welchem wort aber
560 615 2095 738 gemerckt wirdt, das Piredten von dem wider
564 674 2140 832 bringen des Jodisthen Richs Prima ad Cormthies
554 767 2198 912 capite. ijo. Es het kein oug nie gesuchen, vnd kom¬
556 863 2173 1004 Or nie gehorten, Da redt Paulus, vanden gottlichen
556 935 2075 1107 geheimmissen Vines Onus, den Er hatt lassen
541 1031 2120 1154 mentsth werden, vnd von der wunderbaren ex:
554 1103 2128 1271 luchtung, die uns durch Christum Jesum an¬
564 1224 2148 1367 zoigt Ist, das Orlich liecht, In der wilt nie ge¬
554 1289 2073 1439 wesen zije, Als aber durch Christum eroffnoti
560 1390 2023 1566 vnd sind die wort ffrije lxiiijo. vnd wil
531 1484 2124 1624 Paulus nitt sagen, vande man nitt wusse, war
554 1564 2081 1724 der mentst. komme nach disem zitt, Das Er
562 1663 2128 1827 Johannis xiiijo. anzoigt, te kennen wir, das In¬
547 1759 2099 1929 dem hus gottes, vit wonungen sind, Wer
531 1853 2007 2017 von dem andren hus, das Er vff das fag fur
541 1929 2167 2081 zucht, wussen wir mijgit, Dann die Othrift,
564 2023 2128 2206 Eph-siorum. iije. dienot nitt dahin, Er verstat
547 2124 2136 2267 daselbs dise welt, Das Christus harab komen zije
556 2245 2126 2382 vnd wider zu himel gefaren, niebtij sol man
535 2302 2107 2462 ouch wussen, das Inferibij vns tutstht wirdt
535 2405 2118 2552 die hebben, vnd geist aber die hell, mitt das Ort
535 2503 2054 2649 der ewig verdampten allein, Ounder ouch den
531 2593 2128 2770 stand der Delen noch diser zitt, In der gemein¬
554 2679 2130 2798 Das bewaer't der Artickel des glaubens, destendit
535 2780 2087 2944 ad Inferos, Er Ist is gefaren zijden hebben,
2050 3286 2140 3366 .4
