2479 3508
300 1250 595 1402 dema
1216 128 1892 319 Die vi. Schlusvredi
529 246 2234 426 Wann der gloub Petri, In dem gnugsam was, das Er
636 392 2236 496 In't Jesum Christum glaubt, das Er der Dun gots.
636 469 2200 631 ware, wurden alle sunder salig, die solichs ouch
627 574 2243 719 glouben. Das das blijt Christi, alles abwas the, das
629 642 2275 783 wir an der Rechnung hinder haben, fft mitt dehenier
642 730 2288 871 Ochrift bewart, Oann Paulus Opricht ad Romanos
638 822 2230 965 ii. Cas gott finem Jeden werde gaben, nach sinen
631 912 2305 1023 wercken, Oie wort des Propheten Cauids vnd ouch
638 1006 2307 1153 Jheremie, die wil di mitt oftenbarer Christ, nitt wi¬
638 1096 2279 1250 derfochten werden, wird Ich Pintich minem fürga:
651 1192 1293 1335 ben, lissen bestan,
1149 1320 2009 1504 Meister Vlrich Zwingli,
740 1500 2191 1691 das der gloub vff fesum Christum, alle gunder
629 1631 2226 1785 heil mache, wie ouch der gloub Petri, Ist das wort
627 1718 2247 1896 gots, fohannis. vj. welicher In mich vertruwt, der
629 1810 2234 1973 het ewigs laben, Es Ist aber gnuijg gesagt, wie die
612 1909 2206 2065 gloubigen Ounder syen, vnd wie die vngloubrgenn
627 2001 2345 2179 bunder sijen, Die glöubigen mitt Iham und Othmertje
616 2089 2258 2228 en, Aber mitt ungeschrifteter hoffnung zu gott, Oi¬
638 2208 2318 2337 vngloubigen, aue stham vnd wee, wer mitt ver¬
636 2271 2238 2429 zwifhung in gott, Das blut Christi reiniget uns von
627 2360 2159 2517 aller sijnde, Opricht fohannes./. capite. 1. Gott
608 2442 2223 2579 wirdt ouch einem Jeden, nach sinen wercken gaben,
603 2534 2303 2651 wer nach dem Ei, Im glauben oder vnglouwen beschich¬
629 2632 2243 2797 en sine, und wirdt gott in eigne gab belonen, Dar:
616 2716 2221 2885 non gnug gesagt ff, vnd bewaren dese Ort aber,
610 2842 1164 2981 de hem fagfur,
