2479 3508
839 309 2363 536 mitt voorss. trinckten worten, zo antwurten, ob der spru
833 468 1541 602 Johannis am vi capi
1677 458 2355 613 Das brot welches ich
860 536 2370 699 geben wirtt, ende Insthliesse, den toe Christi allein
848 648 2351 800 oder onch das lyblich essen des fleisters Obhasti¬
854 740 2341 881 Ontwurt Das brett so Da anzogen wurde, Ist
868 833 2359 1002 die verheissung des so Christus durch die ander
844 924 2298 1087 Dry en angelisten vnnd den heiligen paulum
843 1017 2318 1173 Das nachtmall beschribene so er Inn, die hendt
848 1114 2293 1268 genomen hatt, vnnd sinen lijb gemacht des
843 1206 2337 1365 wir fur ein probation, des ersten sitzen, Dan nacen
837 1305 2320 1466 Der annder punckt, welches Ich geben wurde
837 1400 2304 1539 fur Das bebenn der weeft, Overt er klart
831 1512 1666 1660 gen een worten Lue
1889 1522 2310 1666 Welcher fur¬
844 1596 2295 1761 Ich gegeben wurdet, Dann Johannes sich
833 1702 2287 1866 bevlissen, so die andern Euan gelisten, habenn
821 1813 2271 1974 vnnderlassen, sollichs In smem schreiben zo¬
821 1904 2279 2091 erfullen, alß dem geubten der gschrifft erfa¬
825 2011 2295 2178 rende vnnd beuelchend zu furdrung der sach
827 2093 2345 2296 sollich Antrag bestegechen des soi cap: halb jes.
831 2213 2330 2388 Der geschrifft vande allen Christen lichsen lasern
1322 2330 1732 2495 Swingli
899 2376 2330 2578 Omsers bruders amittwurt beschrieb dat vns
813 2528 2337 2700 Das er mitt den dryen Enangelisten bewaren
802 2615 2361 2788 will. Das annen disem out verheissen werde, Das
813 2704 2337 2861 sacramentlich bret vnnd Das an den opten Da
819 2793 2341 2980 sij das nachtmall beschriben, Dann eissz mitzit
