2479 3508
21 427 124 547 gétale
27 539 131 655 Sitzenn
17 636 122 727 glonder
19 713 122 862 und setzt
19 841 137 955 In seinem
27 926 133 1051 1 lebende
25 1038 131 1115 5 er van
37 1098 128 1221 wthvig
25 2120 122 2232 Hall Esq
1952 155 2085 267 214
935 153 1517 315 Die 4. Sluszroe
638 267 2195 475 Des geschlechts oder samen abrahams hatt ex
620 417 2269 547 an sich genomen Damit er den brudern die er
636 510 2201 661 haldisenn sollt, Inn all weg, glich were ende In
620 589 2203 754 vellichen werden wir woll sechen, Das er
636 678 2242 854 Die wortt, Das ist min lichnam int allso
665 779 2166 945 periet hatt, Das Das brott sijn hand win
669 887 2249 1038 sin lichnam vnnd blutt sie, Oder aber das
671 974 2290 1123 bret vnnd sijn mussene van Im woll also an
1225 1069 1343 1127 "als
962 1069 1208 1152 „sin
626 1078 2236 1237 so genomen, werde als woll die menscheitt vnd
680 1171 2255 1337 so das mussie er sich ouch zu erbösung brots
676 1262 2222 1445 vnnd prins, vnderwinden haben Da von pruij
1152 1343 2242 1517 Zum Rechten Spricht paulus
982 1424 1088 1484 -
669 1411 895 1540 pesagt
1503 1465 2222 1619 Also erkennend wir
671 1482 1384 1627 ii ƒ xi: am v cap:
653 1544 2230 1741 furthin niemand, nach dem fleijten vnnd ob
630 1654 2271 1851 Ooix glicken Christum nach dem flaesten erkent
636 1784 2213 1923 haben, so erkennen wir Jun int mer nach
630 1861 2197 2035 Dem fleißen etc. In welchen worten, wir
645 1967 2242 2128 onch sechent, Das paulus In dem vsserlichen
630 2068 2182 2236 fleißen Christi wegende die erlösung, nutzet
1206 2170 2201 2327 zum Swenden vellen wir
657 2184 1105 2338 suche ende
636 2263 2253 2441 ouch anzeigt haben, Das ert Bacher xxiiij
642 2394 2199 2545 Da Christus, die fur falsten propheten anzeigt
616 2470 2234 2640 Die Obgristum hie oder dort wurduit zeigenn
647 2576 2213 2715 Dann welche Inn Im brott zogen Die zoigen
616 2671 2240 2831 In vergrlicher an, weder die die de sprechenn
609 2763 2205 2926 er Ist Im huß, oder er Ist im veld Kep post
597 2864 2259 3026 articulos Castriastrophi So wir nun durch leicht
