2479 3508
167 1350 388 1519 schlussvee
2062 143 2150 284 81
857 152 1491 367 Die erst Schlußreden
430 312 2035 532 Dir geben Die Schuijssel was en binst off
471 464 2068 599 extrich Das wirt bunden sin Im thineel, Da
469 480 2216 705 han ich zeven puncten In der antwort verstanden
447 612 2103 814 Die ick noch nit annemen kan, Des ersten so
477 716 2094 901 siend Da petro die stelussell vnnd gewallet ver¬
475 805 2107 998 heissen, aber nit sonderlich geben, Sonnders mitt
1241 896 2142 1063 Johannis xx cap: Mein
493 974 1107 1085 andern allen geben
499 1020 2137 1180 Ich noch der over des heilligen petri In der
477 1128 2170 1317 andern Episteee, iiii capite. tot ist touw er verzucht
490 1241 2161 1397 sin verheissung nit, wie er perro sonderlich
471 1328 2200 1473 hab verhessen, den gewallet der Also hab er Ime
499 1428 2218 1612 den ouch sonderlich geben, eint weders von sundan
1486 1536 2168 1693 De Christus Ini
360 1543 1345 1688 oder Johannes xvi cap:
486 1632 2159 1821 hatt erkent fur einen thirten vnnd soll Spisen sine
1048 1743 2274 1920 Dann Mache: xviij cap: Da hat
506 1760 796 1912 schafflen
462 1838 2198 2035 Christus ouch allen smen Jungern ver smem liden
488 1953 2200 2120 den gewallt geben hebenden vnnd entbinden, Was
475 2072 2092 2244 In kindert vff dem ertrich wurde binden In
462 2181 922 2326 Dem himell
1000 2187 2161 2324 Ober Mathei: xvi Da hatt
469 2263 1866 2430 er petro verheissen binden Jun ville himeln
1050 2380 1567 2582 Berchtoldus
638 2530 2114 2726 Die lannge vorred Lassich vallen, vnd
501 2686 2137 2854 In dem Spruch agathei ende cap: anzogenn,
462 2782 2155 2958 pub. Ich die antwort, prouw hatt Innamen
