2479 3508
16 2164 126 2369 is st
20 2355 130 2442 tell v
12 2424 130 2568 kosten
31 2548 132 2686 Prens
144 586 230 700 20
226 415 344 590 75
1033 120 2091 348 Die erst Schlußreden, 219
559 289 2042 490 losen, Wellich Christus Mathei hvj cap g
541 449 2017 604 petro peben hab, sprich ick mein darzu. Er
565 541 2011 706 hatt Im sy verheissenn ^ stat, Dabo, int do
557 651 2011 818 vnnd Johannes Ex cap: Allen Jungern
569 736 2111 923 geleistet, so er spricht even Ir verzichemtt ende
547 864 2099 1029 Darinne wirt int ein heupt sin zelinden, vnd
551 946 2070 1129 gelissen, somnders so viel houpter, allss Christus
569 1060 2088 1230 benelchen hatt Johannes xxxo Tap: Zebinden vnd
557 1175 838 1338 gelosen
903 1175 2243 1348 Darzu so bedorfft es der antwort gan
563 1275 2084 1462 undt Dann der pfarrer selbst ein gutte
563 1381 2141 1576 lutter mij geben het Das Christus petro be¬
563 1507 2066 1645 nolen hab Een gewaelt des wort pois
742 1600 856 1674 dun
565 1609 2133 1725 vum Ingesetzt zu einem furnemlichen gewalt
551 1712 2088 1867 haber, sins pottlichen overts. Das lassen wir
545 1816 2099 1971 Im een hertzen pern Ino Dann mit Dem
551 1942 2101 2084 wort govs werdent, die gloubigen, so es Inen
563 2025 2058 2200 verkundt wirt versichert Das Inen pot Ir
571 2115 2105 2296 sund verzuchen hatt, Durch Christum, Da¬
557 2237 2032 2392 rumb ist get allem Dec die sijnde verzucht
529 2330 2113 2501 die Oostell verkunden die verzichung der
580 2444 2019 2609 sind, vnnd die verhalltung der snud, alls
539 2512 805 2656 Dienaer
956 2556 2036 2680 Darumb W ein sonderer ge¬
551 2634 2111 2794 waet der stath oeckinnen Christi, hie bewelchen
561 2723 2042 2898 ist Herumb ist not. ander voorschrifft gebringen
