2479 3508
29 2012 126 2092 vil attin
342 1913 473 2060 voorsz
2064 146 2204 270 275
1158 165 1769 346 Die vi. Schluftred.
564 300 2158 451 Danielis, zoigt uns an, Das Er sij von himel harab ge
586 424 2162 533 stigen, kan nitt wel vff ein labendigen dienen, Canc:
574 498 2086 650 tus Petrus hat ouch gesprochen. ij a. Petri. 1o. capite,
568 574 2144 730 Ich wird aber flissamkeren, das Ich vijh emsittich habe
574 656 2109 802 nach minen tod, Das Ir aller diser dingen gedachtens
570 745 2121 879 thuijen, hie hat Sich vant Peter begaben, mitt Junij
574 819 1656 969 etwas zuhandlen nach sinem todt
1138 949 1710 1107 Vorchtoldus haller,
523 1086 2177 1267 Ob frag, Ob Ir bekennen, das Christus ein gnugsamer
535 1191 951 1354 mutter sije,
1111 1245 1728 1436 Johannes buchstab,
547 1459 1018 1634 Ja Ich bekent,
1179 1570 1753 1763 Eerchtoldus Hatter
523 1722 2132 1930 Is Ist genugsam anzeigt, das Christus unser einiger
562 1874 2127 2020 mittler Ist, deshalb wie deheims uuren muttlers be¬
553 1957 2058 2103 Dorsten, Des Spruch Danielis hals, Ist ein vision,
570 2055 2105 2199 vnd gesicht gesin, vnd erschinnung, Mitt das die heili¬
556 2150 2150 2321 gen erst van hunel waren komen, Ander durch die
556 2241 2020 2385 Engel, vie, als ouch ander visionen, angericht, Eer
562 2329 2125 2485 Opruch Petri, dienot gar nitt zu sinem furnamen,
553 2405 2072 2549 dann Er also lutet, Ich wil aber fliss tien, das Ir
574 2488 2066 2634 allenthalben haben nach minem vf gang, Polichs In
553 2586 2072 2736 gedachtnis zu halten, Canne wir haben uitt den
549 2660 2078 2827 klijgen fablen gevolgot, da wir ich kund gethan
564 2741 2167 2874 die kraft vnd zukunft vnsers hebben Jesu christi,
