2479 3508
691 297 2229 511 zucht er harjn in bestittigender Cryß was willende
710 427 2236 586 In, soll ich mit der ruten zu viel komen, oder mit
718 536 2275 695 liebe, vnnd sonfftmutigem geist, was die rutte
740 621 2293 788 sij, erklärt er, am v cap: Nachvolgend, Nam,
724 718 2271 885 lichen das es sy der Ban wer den offenlichen
726 823 2271 973 hurer/ Der by Den Cherinthern, was Daruon
726 914 2265 1085 gnug pseit ist zum funfften bringt er ein spruch
726 1019 2267 1186 vss. der andern Epist: zijn Ehrinth: am xii cap:
728 1116 2271 1293 so ick zum andern mael kom sprucht paul: wird
718 1221 2230 1384 sich och nit wersechen Das gepurt In, vnd enn
720 1303 2271 1456 jegklichen hirten, Das er In offnen lasteren, niemandt
732 1421 2225 1592 werseche zestraffen, sonders schrie vnd dem volck
742 1524 2293 1691 Irs sund anzoigt, zum, vijf: die Spruch die
730 1617 2236 1800 erbringt voorss. der ersten Eerst zijnChernith: am
732 1732 2225 1887 sij cap: von een regierngen, betafft, Das
724 1833 2246 1980 wolltlich regiment vnnd oberkeit, Dan Das
734 1943 2196 2081 selbig nottwendig ist, vmb deren willen die alls
730 2036 2225 2180 Valsten Christen den fromen, mit der that werlegen
720 2131 2232 2295 sind, wijter bringt, er ein spruck vsz. den Heere:
712 2234 2219 2392 am xiii cap: geborsamend denen die vch vor
734 2331 2223 2516 stand, dan, sy wachen fur vijwer svelen, allß. Die
716 2456 2211 2613 Da rechnung werden, geben Ist aber einest geredt
730 2547 2217 2681 von der Dienstbarkeit der Tweltlichen weckent
732 2630 2246 2817 Dan sy auch rechnung werden geben Jrs. chri¬
740 2727 2263 2894 sten lichen bevelchs, aber Ium dem spruch daer
724 2817 2277 2995 vor dem stat noch zijn hebbe: am diij cap:
