2479 3508
243 1331 576 1518 # zulang
1228 151 1889 309 Die vii. Schlushredi
629 267 2309 426 So Er aber das nitt wil sagen, was dient dan Solichs,
642 388 2271 510 Om fugfur zubewaren, Das In der penitenz, etwas
638 461 2301 578 Etrifflichs in musse, reicht dahin, das vnser busß vf:
648 554 2237 706 legen, etwas solle hinnamen, das niet ist, dann so
646 653 2299 780 wir glich alles taten, das gott heist, dannocht sind wir
657 742 2280 864 vinnitz knecht, Das vns die gerachtikeit gottes, na
653 825 2273 964 ben der bramherzikeit, lere des vnser Zethun, Oegen
644 936 2265 1045 wir, das alle werck die beschicken, gottlicher gerachti¬
644 1015 2361 1173 keit gnug zethund, Christum vsz. leeren, Aber die
629 1105 2339 1273 geruchtikeit des gloubens, giltot allein, welichs Pan¬
653 1186 2222 1326 lus zum Remern vnd Galathern, zum Stercksten
657 1288 2194 1446 bezugot, Das Ort 1o. fohannis. v. bewirt de hem
655 1354 2267 1550 fagfur, So aber hie bezalung, von sinem Rum zu¬
644 1456 2265 1638 reden, dagen wir kurzlich, das nitt volgot, so Ist
629 1567 2320 1723 een Ound fur die man nitt bitten zal, So Ist ein fag fur,
680 1668 2246 1847 Das ont Mathei xiio. Die Rund In heiligen geist,
640 1744 2333 1913 werde weder hie noch dort nachgelassen, Othlijst nitt
644 1855 2339 2007 Das Ettlich Cund In Jhmer welt werden nachgelassen,
650 1947 2278 2109 Cann es Ist locus: IJ Rijsustecienti diuisione, vermag
650 2058 2278 2214 als vil, als wirdt niemer met nachgelassen, vnd dis
648 2126 2348 2290 Ist ouch kurzlich, die sijnde von dero Johannes am vordri
642 2216 2286 2382 gen Ort redt, glich als Co man opricht, der het weder
650 2312 2356 2469 tag noch nacht kouw, volgot nitt, So hat er etwan
657 2405 2260 2561 vuw, Ounders tag vnd nacht sind die gang vs. teil¬
631 2489 2299 2614 lug des zittes, dann alle zitt Ist enitwaders tag oder
653 2580 2231 2734 nacht, Also ouch hie minpt Christus, für, wirdt
644 2663 2309 2828 niemer nachgelassen, Die gantzen abteiflung die hie¬
650 2742 2286 2913 igen vnd dort welt, vnd Opricht, Oi werde weder hie
