2479 3508
2004 162 2116 257 61
1009 158 1641 361 Dienst Schlußred
562 342 2143 555 recht geschaffne liebt levet verdacht machen/ Er¬
560 487 2072 651 man Iren vande fromen Christen zubedencken das
1302 599 2091 709 Ich bin nit komen
564 605 1082 709 voort des hern
553 659 2116 821 fand zusenden, somnders das schwert, Das der
549 750 2072 920 Sum, wider den vatter, der vatter wider een
555 841 2081 993 binn sijn etc. Auch Das wort pauli zum 60¬
555 899 2151 1105 einchern In der ersten Existell ende cap: Es mussend
547 1032 2172 1179 Zertrenningen, komen Damit die bewerten offen¬
564 1115 2019 1266 bar overden. Dann so der starck gewopnet
553 1208 2079 1349 furst, der wellet Inn Jochumb, sinen hoff by
560 1287 2155 1455 waret, hatt, so ists ein schaelicher frie, vnd lugt
555 1391 2108 1550 Er das die Irthumb mir stercker werden vnd
555 1500 2110 1623 kem zertremmen kame, so bable aber der her¬
555 1569 2122 1731 Jesus sine warheit, die Im vnledlich ist, har fur
568 1668 2160 1832 glantzen lasszt, so beweft der furst der welet
572 1782 2116 1929 sine vngldubigen wer die Ex herschet, Das
533 1888 2149 2023 diser das jener ein anders erdenckt, vnd vffbringe
560 1979 2143 2131 damit Das einfaltig volck verJopet vnd von der
560 2070 2124 2234 verstchrifft gefurt werden, mocht/ Allso ist
562 2157 2164 2329 gesthecken, alss die apostell noch selbs gepredigt
562 2276 2128 2437 haben, wie das bezugend Ire vpistell, die acta
562 2352 2126 2499 der apostlen, tertulianus Irenens, Ersebius vnd
564 2456 2139 2589 alle allte leren, Da aber der wider christ, bij den
516 2553 2164 2727 orientalischen durch den Machumet, vnd by den
504 2649 2170 2817 ocadensalisthen, durch das Bäpstlich Rhegiment
514 2748 2147 2933 Wer hand genomen, dat Ist kein Orunder¬
