2479 3508
14 351 130 442 schen
18 449 137 546 Nordre
6 520 130 659 Christus
16 644 130 762 effges
22 950 112 1042 over
24 1036 130 1150 wässen
16 1136 112 1293 Kistand
16 1262 110 1362 ten sol
29 1364 112 1437 frugte
24 1594 124 1733 vnsern
24 1706 124 1821 sage durch
27 1882 110 1986 ward
24 2116 106 2194 vncth
24 2184 120 2290 bele tyd
24 2271 130 2424 is send
35 2402 120 2491 Jacc:
322 1301 591 1474 Brima
2004 175 2147 314 100
1003 163 1662 336 Die erst schlus aed
667 285 2263 491 gottes, ver der zukunfft Christi int allso lebendig
661 428 2277 610 gemacht sie, wie hernacher, vnd das Ire glider
661 522 2296 693 Im hern gottes gewesen, sienne, vnd In die verheft
673 612 2228 787 gefarn. Der gerecht lebt Im glouwen Den
667 732 2265 842 haben alle heilligen von anfang der wellt gehept
661 803 2198 972 vnd das durch den verdienst Christi, vnnd
656 915 2279 1089 haben nach dijem laben In der schosss. Bta¬
663 1019 2275 1174 he geruwet, int Im kercker der erdichten vorhell
675 1105 2294 1254 gelegen, Allein wie gesagt die offenbarung
681 1205 2292 1372 pöttlicher gutt, ist nach Christo Haller vff ganten
699 1311 2224 1464 derinck er zu sijnen Jungern gesagt Galen sind
1460 1415 2204 1568 Die gleichens vom
669 1413 1368 1572 In die da sijchend etc.
663 1496 2226 1680 Witzen Kornly Johanus om bij cap: Hat
667 1621 2275 1780 anzept, das nach dem toe Christi, Das Cuauss¬
677 1723 2186 1876 linn des richs erst recht angam solt, wie
667 1806 2216 1974 onch besthechen, allso findt es sich das vnser
661 1904 2234 2063 her Jesus Christus In allweg vor der klechen
654 2010 2245 2181 gewesen ist, vnd sy nit staend er int ist durch
642 2116 1623 2275 Das Zeichen des vattens ingelibet
1203 2232 1521 2379 Senger
648 2324 2104 2526 Sie mit leiben fremen Christen, will ich
669 2428 2243 2618 Mins Disputierens diser schlußred ouch andern
661 2544 2202 2720 nachnoegenden abstan vnd andern so ystenckter
663 2638 2234 2809 sind, den ick, stat geben, van so man In dispo¬
644 2740 2234 2917 disputation Ehem ysthaufft der heilligen leren
661 2842 2241 3011 Darff Jufuren, Dan allein Bibliotheijs voorss. krifft
