<?xml version="1.0" encoding="UTF-8" standalone="yes"?>
<PcGts xmlns="http://schema.primaresearch.org/PAGE/gts/pagecontent/2013-07-15">
    <Metadata>
        <Creator>prov=READ-COOP:name=TrHtr:version=2.41.0:model_id=51170:date=09_03_2026_17:24</Creator>
        <Created>2026-01-27T10:34:43.645+01:00</Created>
        <LastChange>2026-03-09T17:24:36.667+01:00</LastChange>
        <TranskribusMetadata docId="13922579" pageId="112790504" pageNr="580" status="IN_PROGRESS" userId="537" imgUrl="https://files.transkribus.eu/Get?fileType=view&amp;id=JMKBRYOTZQVILXDOLSXWOACR" imageId="95349571"/>
    </Metadata>
    <Page imageFilename="112790504.jpg" imageWidth="2479" imageHeight="3508">
        <TextRegion orientation="0.0" id="tr_1">
            <Coords points="35,927 35,1897 143,1897 143,927"/>
            <TextLine id="tr_1_tl_1" custom="readingOrder {index:1;}">
                <Coords points="41,1006 56,1002 64,989 83,995 97,993 114,1006 140,999 122,923 78,925 72,921 66,931 52,927 27,938"/>
                <Baseline points="44,967 77,978 110,986 143,991"/>
                <TextEquiv>
                    <Unicode>wollen bei</Unicode>
                </TextEquiv>
            </TextLine>
            <TextLine id="tr_1_tl_2" custom="readingOrder {index:2;}">
                <Coords points="31,1099 41,1097 52,1084 74,1097 95,1082 116,1090 136,1088 118,995 95,995 78,1020 66,1026 50,1016 41,1028 17,1030"/>
                <Baseline points="35,1056 61,1061 87,1066 113,1072 140,1077"/>
                <TextEquiv>
                    <Unicode>sen, des 4</Unicode>
                </TextEquiv>
            </TextLine>
            <TextLine id="tr_1_tl_3" custom="readingOrder {index:3;}">
                <Coords points="39,1183 52,1183 70,1175 112,1208 126,1204 112,1103 97,1105 78,1097 68,1099 52,1094 43,1101 27,1101"/>
                <Baseline points="47,1155 73,1158 99,1162 125,1167"/>
                <TextEquiv>
                    <Unicode>gab v</Unicode>
                </TextEquiv>
            </TextLine>
            <TextLine id="tr_1_tl_4" custom="readingOrder {index:4;}">
                <Coords points="35,1251 45,1249 56,1256 70,1256 95,1270 103,1260 109,1264 124,1260 107,1177 83,1183 60,1212 43,1208 29,1214"/>
                <Baseline points="44,1233 72,1240 100,1246 128,1250"/>
                <TextEquiv>
                    <Unicode>Monsieur</Unicode>
                </TextEquiv>
            </TextLine>
            <TextLine id="tr_1_tl_5" custom="readingOrder {index:5;}">
                <Coords points="37,1344 64,1348 83,1336 109,1359 122,1357 114,1276 101,1278 85,1266 47,1249 39,1258 29,1260"/>
                <Baseline points="47,1328 73,1328 99,1330 125,1337"/>
                <TextEquiv>
                    <Unicode>ate this. I</Unicode>
                </TextEquiv>
            </TextLine>
            <TextLine id="tr_1_tl_6" custom="readingOrder {index:6;}">
                <Coords points="31,1933 54,1927 83,1931 116,1912 132,1914 126,1788 112,1790 89,1813 52,1807 27,1815"/>
                <Baseline points="41,1874 72,1876 103,1877 134,1877"/>
                <TextEquiv>
                    <Unicode>of geopfen¬</Unicode>
                </TextEquiv>
            </TextLine>
        </TextRegion>
        <TextRegion orientation="0.0" id="tr_2">
            <Coords points="576,185 576,2853 2260,2853 2260,185"/>
            <TextLine id="tr_2_tl_1" custom="readingOrder {index:1;}">
                <Coords points="2088,235 2121,235 2152,246 2193,279 2230,262 2222,194 2212,194 2195,209 2170,190 2162,198 2146,200 2127,188 2082,188"/>
                <Baseline points="2098,226 2125,230 2152,233 2179,237 2206,240 2233,244"/>
                <TextEquiv>
                    <Unicode>243</Unicode>
                </TextEquiv>
            </TextLine>
            <TextLine id="tr_2_tl_2" custom="readingOrder {index:2;}">
                <Coords points="898,335 997,349 1057,324 1107,349 1138,326 1264,374 1289,351 1481,372 1650,349 1646,206 1543,256 1497,231 1406,287 1233,194 1049,244 938,211 894,237"/>
                <Baseline points="910,319 947,321 984,318 1021,316 1058,316 1095,316 1132,319 1170,321 1207,324 1244,326 1281,329 1318,331 1355,334 1392,334 1430,336 1467,337 1504,337 1541,337 1578,334 1615,336 1653,340"/>
                <TextEquiv>
                    <Unicode>Die funfte Jhlussred</Unicode>
                </TextEquiv>
            </TextLine>
            <TextLine id="tr_2_tl_3" custom="readingOrder {index:3;}">
                <Coords points="595,440 650,475 797,427 1361,475 1887,456 1949,498 2115,415 1997,355 1898,394 1809,349 1778,382 1443,353 1381,396 1140,326 1057,363 593,324"/>
                <Baseline points="606,423 681,428 757,428 832,426 908,426 984,426 1059,429 1135,429 1211,434 1286,438 1362,441 1438,443 1513,444 1589,447 1665,447 1740,447 1816,447 1892,447 1967,447 2043,444 2119,444"/>
                <TextEquiv>
                    <Unicode>lissen wir verandtwurten, die dese Opach erfaren</Unicode>
                </TextEquiv>
            </TextLine>
            <TextLine id="tr_2_tl_4" custom="readingOrder {index:4;}">
                <Coords points="582,535 2181,541 2181,417 1927,506 1057,438 582,475"/>
                <Baseline points="594,507 673,510 753,512 832,510 912,510 991,510 1071,511 1150,513 1230,516 1309,516 1389,516 1469,519 1548,519 1628,522 1707,525 1787,525 1866,525 1946,525 2025,525 2105,522 2185,522"/>
                <TextEquiv>
                    <Unicode>haben, Uns fst. gnug, das wir bij dan hebben Latinsthen</Unicode>
                </TextEquiv>
            </TextLine>
            <TextLine id="tr_2_tl_5" custom="readingOrder {index:5;}">
                <Coords points="580,626 2210,626 2210,535 1848,582 1536,518 1225,568 981,516 907,555 830,514 741,558 580,537"/>
                <Baseline points="591,600 672,600 753,600 834,600 915,598 996,600 1077,600 1158,600 1239,601 1320,601 1401,603 1482,600 1563,603 1644,603 1725,604 1806,606 1887,603 1968,603 2049,603 2130,604 2212,612"/>
                <TextEquiv>
                    <Unicode>text, bliben, Das Er aber oprecht, wir haben mitt bewart,</Unicode>
                </TextEquiv>
            </TextLine>
            <TextLine id="tr_2_tl_6" custom="readingOrder {index:6;}">
                <Coords points="582,717 1165,686 1256,733 1472,696 1586,739 1646,696 2181,704 2181,624 1386,655 1320,601 1175,650 944,599 582,638"/>
                <Baseline points="594,680 673,686 753,686 832,683 912,683 991,683 1071,683 1150,685 1230,686 1309,686 1389,684 1469,685 1548,686 1628,686 1707,686 1787,683 1866,683 1946,683 2025,683 2105,685 2185,689"/>
                <TextEquiv>
                    <Unicode>das Melchisedeth hie geopfrot habe, gaben wir nietwurt,</Unicode>
                </TextEquiv>
            </TextLine>
            <TextLine id="tr_2_tl_7" custom="readingOrder {index:7;}">
                <Coords points="564,772 2174,797 2174,710 2007,688 1677,735 1623,700 1582,741 1253,733 1165,686 1103,731 564,714"/>
                <Baseline points="576,761 656,767 736,767 816,764 896,764 976,767 1056,767 1137,770 1217,769 1297,767 1377,767 1457,767 1537,770 1617,772 1698,773 1778,770 1858,768 1938,767 2018,767 2098,770 2179,773"/>
                <TextEquiv>
                    <Unicode>wiewel es dem buchstaben nach nitt Statt, So genden doch</Unicode>
                </TextEquiv>
            </TextLine>
            <TextLine id="tr_2_tl_8" custom="readingOrder {index:8;}">
                <Coords points="580,865 1216,863 1295,902 1654,859 1931,917 2086,855 2224,878 2224,820 2059,766 1916,830 1778,772 1677,812 1485,772 1363,812 580,801"/>
                <Baseline points="591,844 677,850 763,847 849,845 936,847 1022,847 1108,850 1194,850 1281,849 1367,850 1453,851 1539,854 1626,856 1712,859 1798,856 1884,853 1971,851 2057,853 2143,850 2230,856"/>
                <TextEquiv>
                    <Unicode>hin die wort vormals anzogen, dann er Ist ein priestern,</Unicode>
                </TextEquiv>
            </TextLine>
            <TextLine id="tr_2_tl_9" custom="readingOrder {index:9;}">
                <Coords points="580,964 1307,952 1386,993 1722,950 1790,991 1858,946 2117,942 2092,853 1947,917 1658,859 1262,911 580,871"/>
                <Baseline points="591,937 667,939 744,937 820,937 897,934 973,940 1050,943 1126,943 1203,943 1279,944 1356,943 1433,943 1509,943 1586,943 1662,943 1739,943 1815,942 1892,940 1968,938 2045,937 2122,943"/>
                <TextEquiv>
                    <Unicode>Vnd so fr zugaben hat, Er moge ander mal win vnd</Unicode>
                </TextEquiv>
            </TextLine>
            <TextLine id="tr_2_tl_10" custom="readingOrder {index:10;}">
                <Coords points="582,1057 2150,1047 2150,985 2077,962 1375,1006 1301,952 1123,993 880,944 814,987 582,966"/>
                <Baseline points="594,1030 671,1031 749,1032 827,1030 905,1030 983,1030 1061,1030 1139,1032 1217,1035 1295,1035 1373,1033 1450,1032 1528,1030 1606,1030 1684,1030 1762,1030 1840,1028 1918,1025 1996,1024 2074,1027 2152,1030"/>
                <TextEquiv>
                    <Unicode>brot goopfrot haben, Ist fur uns, vittenmal wie ge¬</Unicode>
                </TextEquiv>
            </TextLine>
            <TextLine id="tr_2_tl_11" custom="readingOrder {index:11;}">
                <Coords points="586,1165 1061,1111 1679,1152 1933,1113 2073,1169 2185,1130 2185,1084 1906,1030 1402,1076 1322,1035 1274,1076 1134,1037 1010,1074 940,1032 838,1084 589,1051"/>
                <Baseline points="597,1128 676,1125 756,1125 835,1123 915,1122 994,1118 1074,1113 1153,1119 1233,1118 1312,1118 1392,1118 1472,1119 1551,1117 1631,1117 1710,1116 1790,1116 1869,1116 1949,1113 2028,1113 2108,1114 2188,1116"/>
                <TextEquiv>
                    <Unicode>ster ouch Ist anjoigt worden, das Christus Ist ein prie¬</Unicode>
                </TextEquiv>
            </TextLine>
            <TextLine id="tr_2_tl_12" custom="readingOrder {index:12;}">
                <Coords points="589,1268 756,1216 2146,1231 2146,1150 1553,1123 1187,1163 1057,1111 791,1175 589,1165"/>
                <Baseline points="600,1221 677,1221 754,1215 832,1215 909,1213 987,1209 1064,1206 1142,1203 1219,1204 1297,1209 1374,1209 1451,1212 1529,1209 1606,1209 1684,1211 1761,1211 1839,1206 1916,1207 1994,1209 2071,1207 2149,1215"/>
                <TextEquiv>
                    <Unicode>ster, nach der Ordnung Melchisedoch, So frag Ich</Unicode>
                </TextEquiv>
            </TextLine>
            <TextLine id="tr_2_tl_13" custom="readingOrder {index:13;}">
                <Coords points="580,1359 985,1309 1218,1367 1367,1305 1828,1303 1898,1357 2160,1313 2160,1245 2075,1208 1999,1249 1836,1208 1770,1256 1365,1266 760,1214 582,1268"/>
                <Baseline points="594,1313 672,1313 751,1312 829,1309 908,1304 986,1301 1065,1301 1143,1298 1222,1301 1300,1298 1379,1298 1457,1298 1536,1298 1614,1298 1693,1295 1771,1295 1850,1292 1928,1294 2007,1294 2085,1292 2164,1289"/>
                <TextEquiv>
                    <Unicode>fun, das Er vns anzuge, mitt was opfer, Oi glichsam</Unicode>
                </TextEquiv>
            </TextLine>
            <TextLine id="tr_2_tl_14" custom="readingOrder {index:14;}">
                <Coords points="574,1464 863,1400 2065,1404 2048,1332 1887,1361 1788,1311 1470,1315 1266,1373 1117,1320 576,1365"/>
                <Baseline points="588,1406 662,1406 736,1405 810,1401 884,1396 958,1394 1032,1394 1107,1394 1181,1394 1255,1394 1329,1393 1403,1391 1477,1388 1551,1388 1626,1388 1700,1388 1774,1384 1848,1385 1922,1382 1996,1381 2071,1379"/>
                <TextEquiv>
                    <Unicode>geopfrot haben, So trouwen wir wie vor, Er mog</Unicode>
                </TextEquiv>
            </TextLine>
            <TextLine id="tr_2_tl_15" custom="readingOrder {index:15;}">
                <Coords points="576,1497 859,1491 915,1532 1074,1493 1161,1530 1813,1474 1908,1520 1964,1472 2075,1493 2077,1429 1057,1398 576,1464"/>
                <Baseline points="588,1492 662,1495 737,1495 811,1489 886,1489 961,1486 1035,1486 1110,1483 1184,1483 1259,1480 1334,1477 1408,1474 1483,1475 1557,1474 1632,1474 1707,1474 1781,1472 1856,1474 1930,1471 2005,1468 2080,1474"/>
                <TextEquiv>
                    <Unicode>mitt der Ihrift, dehem anders harfur bringenn,</Unicode>
                </TextEquiv>
            </TextLine>
            <TextLine id="tr_2_tl_16" custom="readingOrder {index:16;}">
                <Coords points="603,1633 1183,1576 1441,1596 1514,1648 1598,1576 2181,1578 2183,1520 2009,1474 1908,1520 1813,1474 1770,1516 1276,1497 1179,1540 1070,1495 1012,1532 605,1507"/>
                <Baseline points="615,1589 693,1586 772,1584 850,1578 929,1576 1007,1576 1086,1575 1164,1572 1243,1570 1321,1570 1400,1567 1478,1567 1557,1564 1635,1563 1714,1564 1792,1561 1871,1561 1949,1561 2028,1561 2106,1557 2185,1558"/>
                <TextEquiv>
                    <Unicode>Das Es aber die verglichung wolle und misse duij¬</Unicode>
                </TextEquiv>
            </TextLine>
            <TextLine id="tr_2_tl_17" custom="readingOrder {index:17;}">
                <Coords points="593,1691 847,1728 1051,1666 1681,1693 1834,1654 1896,1704 2121,1646 2121,1596 1987,1561 1869,1613 1772,1565 1518,1644 801,1586 595,1638"/>
                <Baseline points="603,1680 679,1681 755,1676 831,1671 907,1668 983,1668 1059,1665 1135,1662 1211,1662 1287,1661 1364,1656 1440,1658 1516,1659 1592,1659 1668,1657 1744,1656 1820,1656 1896,1656 1972,1650 2048,1647 2125,1642"/>
                <TextEquiv>
                    <Unicode>wil Ich witter bewaren mitt der Schrift, vss dem</Unicode>
                </TextEquiv>
            </TextLine>
            <TextLine id="tr_2_tl_18" custom="readingOrder {index:18;}">
                <Coords points="1276,1722 1293,1724 1313,1712 1320,1716 1379,1716 1381,1666 1371,1666 1359,1675 1342,1669 1326,1669 1322,1673 1320,1669 1295,1691 1278,1691"/>
                <Baseline points="1289,1710 1321,1708 1353,1706 1385,1704"/>
                <TextEquiv>
                    <Unicode>.</Unicode>
                </TextEquiv>
            </TextLine>
            <TextLine id="tr_2_tl_19" custom="readingOrder {index:19;}">
                <Coords points="570,1807 2102,1764 2104,1650 1834,1718 1790,1675 1557,1716 1474,1679 1241,1726 1134,1673 1066,1737 1008,1689 845,1728 766,1691 570,1749"/>
                <Baseline points="582,1770 658,1773 734,1773 811,1770 887,1764 964,1763 1040,1761 1116,1759 1193,1760 1269,1758 1346,1758 1422,1755 1498,1755 1575,1755 1651,1753 1728,1752 1804,1749 1880,1746 1957,1741 2033,1741 2110,1737"/>
                <TextEquiv>
                    <Unicode>buch Prouerbiorum. viii. Opricht Dalomon also,</Unicode>
                </TextEquiv>
            </TextLine>
            <TextLine id="tr_2_tl_20" custom="readingOrder {index:20;}">
                <Coords points="578,1875 859,1900 1088,1854 1225,1900 1322,1852 1660,1879 1883,1834 2042,1877 2222,1842 2224,1751 1675,1759 1425,1819 1282,1770 580,1794"/>
                <Baseline points="591,1862 672,1865 754,1862 836,1859 918,1855 1000,1852 1081,1850 1163,1848 1245,1848 1327,1848 1409,1845 1490,1845 1572,1845 1654,1843 1736,1839 1818,1836 1899,1833 1981,1833 2063,1829 2145,1826 2227,1827"/>
                <TextEquiv>
                    <Unicode>Oia wissheit hat fro gebuwen ein huij, hat vsgehow:</Unicode>
                </TextEquiv>
            </TextLine>
            <TextLine id="tr_2_tl_21" custom="readingOrder {index:21;}">
                <Coords points="582,1953 1235,1931 1353,1980 1497,1929 1673,1968 1923,1923 2075,1968 2207,1945 2210,1900 1889,1840 1726,1894 1415,1850 1222,1900 584,1900"/>
                <Baseline points="594,1949 675,1952 756,1948 837,1943 918,1943 999,1937 1080,1937 1161,1937 1242,1931 1323,1931 1404,1931 1485,1929 1566,1930 1647,1928 1728,1928 1809,1925 1890,1922 1971,1920 2052,1916 2133,1913 2215,1913"/>
                <TextEquiv>
                    <Unicode>en siben Puben, het geopfrot fre opfer, vndt het ver¬</Unicode>
                </TextEquiv>
            </TextLine>
            <TextLine id="tr_2_tl_22" custom="readingOrder {index:22;}">
                <Coords points="574,2061 766,2092 909,2026 2141,2036 2143,1964 1567,1972 1497,1929 1348,1980 1227,1931 1173,1972 946,1991 865,1947 574,2011"/>
                <Baseline points="585,2036 663,2036 741,2034 819,2027 897,2024 975,2021 1053,2021 1131,2021 1209,2018 1287,2018 1365,2018 1443,2015 1521,2012 1599,2012 1677,2009 1755,2009 1833,2006 1911,2008 1989,2009 2067,2009 2146,2012"/>
                <TextEquiv>
                    <Unicode>mischt den win, vnd nach andren worten witter,</Unicode>
                </TextEquiv>
            </TextLine>
            <TextLine id="tr_2_tl_23" custom="readingOrder {index:23;}">
                <Coords points="570,2129 2096,2112 2119,2042 911,2026 760,2094 570,2059"/>
                <Baseline points="582,2119 658,2116 735,2113 812,2110 889,2108 966,2107 1043,2104 1119,2102 1196,2101 1273,2098 1350,2098 1427,2098 1504,2097 1581,2092 1657,2095 1734,2092 1811,2089 1888,2086 1965,2086 2042,2087 2119,2086"/>
                <TextEquiv>
                    <Unicode>komen und essen min brot, vnd trincken den win¬</Unicode>
                </TextEquiv>
            </TextLine>
            <TextLine id="tr_2_tl_24" custom="readingOrder {index:24;}">
                <Coords points="582,2232 1875,2179 2038,2228 2172,2183 2177,2082 2106,2127 1898,2086 1613,2137 1148,2104 1099,2146 669,2160 584,2125"/>
                <Baseline points="594,2206 673,2205 752,2203 831,2200 911,2198 990,2194 1069,2190 1148,2185 1228,2185 1307,2185 1386,2185 1465,2185 1545,2182 1624,2182 1703,2181 1782,2179 1862,2176 1941,2174 2020,2173 2099,2175 2179,2167"/>
                <TextEquiv>
                    <Unicode>den Ich vijch vermisthet hab, Nun beschicht des opfer</Unicode>
                </TextEquiv>
            </TextLine>
            <TextLine id="tr_2_tl_25" custom="readingOrder {index:25;}">
                <Coords points="570,2313 861,2282 1049,2323 1111,2274 1218,2321 1460,2274 1582,2329 1778,2274 2104,2276 2075,2207 1923,2238 1611,2185 1512,2232 1282,2187 1216,2230 1049,2197 950,2245 781,2207 572,2245"/>
                <Baseline points="582,2289 658,2289 734,2286 811,2283 887,2278 964,2277 1040,2274 1116,2272 1193,2272 1269,2271 1346,2269 1422,2267 1498,2267 1575,2269 1651,2268 1728,2266 1804,2266 1880,2263 1957,2260 2033,2259 2110,2257"/>
                <TextEquiv>
                    <Unicode>mitt der vermischung des wins, In keinem opfer¬</Unicode>
                </TextEquiv>
            </TextLine>
            <TextLine id="tr_2_tl_26" custom="readingOrder {index:26;}">
                <Coords points="566,2391 1010,2362 1324,2406 1640,2358 2222,2428 2224,2296 2174,2267 1580,2331 1460,2276 1229,2325 1119,2272 956,2336 859,2282 568,2325"/>
                <Baseline points="579,2373 661,2373 744,2371 826,2365 909,2361 991,2361 1074,2361 1156,2361 1239,2364 1321,2364 1404,2361 1487,2357 1569,2355 1652,2352 1734,2352 1817,2352 1899,2350 1982,2348 2064,2343 2147,2340 2230,2346"/>
                <TextEquiv>
                    <Unicode>anders, dann In der Nisb, darumb so volget hernach,</Unicode>
                </TextEquiv>
            </TextLine>
            <TextLine id="tr_2_tl_27" custom="readingOrder {index:27;}">
                <Coords points="574,2464 644,2497 756,2464 816,2499 900,2466 960,2507 1125,2507 1177,2470 1239,2521 1309,2495 1408,2519 1518,2472 1518,2400 1437,2358 1348,2404 1251,2371 1094,2416 1010,2362 795,2416 731,2377 574,2389"/>
                <Baseline points="585,2454 631,2454 678,2454 725,2454 772,2454 819,2454 866,2452 912,2451 959,2453 1006,2451 1053,2451 1100,2451 1147,2451 1194,2451 1240,2451 1287,2451 1334,2453 1381,2448 1428,2454 1475,2454 1522,2460"/>
                <TextEquiv>
                    <Unicode>das die Maess. ein opfer Ist,</Unicode>
                </TextEquiv>
            </TextLine>
            <TextLine id="tr_2_tl_28" custom="readingOrder {index:28;}">
                <Coords points="952,2631 1216,2645 1365,2608 1528,2658 1658,2610 1710,2643 1819,2629 1819,2563 1726,2528 1600,2561 1522,2490 1479,2532 1381,2530 1346,2495 1179,2519 1146,2486 952,2536"/>
                <Baseline points="964,2615 1007,2610 1050,2607 1093,2606 1136,2606 1179,2606 1222,2606 1265,2608 1308,2609 1351,2608 1394,2607 1437,2610 1480,2612 1523,2612 1566,2611 1609,2609 1652,2609 1695,2609 1738,2609 1781,2609 1824,2612"/>
                <TextEquiv>
                    <Unicode>Meister Vlrich zwingli,</Unicode>
                </TextEquiv>
            </TextLine>
            <TextLine id="tr_2_tl_29" custom="readingOrder {index:29;}">
                <Coords points="1592,2720 1602,2720 1613,2730 1633,2724 1650,2736 1679,2732 1679,2643 1621,2643 1609,2656 1592,2656"/>
                <Baseline points="1603,2716 1629,2716 1656,2716 1683,2716"/>
                <TextEquiv>
                    <Unicode>a</Unicode>
                </TextEquiv>
            </TextLine>
            <TextLine id="tr_2_tl_30" custom="readingOrder {index:30;}">
                <Coords points="659,2877 942,2829 1004,2887 1156,2833 1613,2901 1683,2852 1786,2889 1889,2825 2119,2808 2257,2858 2259,2726 2131,2749 2009,2680 1949,2736 1679,2742 1571,2800 1365,2711 962,2788 661,2682"/>
                <Baseline points="671,2830 750,2826 829,2824 909,2821 988,2821 1068,2822 1147,2824 1227,2830 1306,2832 1386,2833 1465,2830 1544,2827 1624,2824 1703,2821 1783,2821 1862,2818 1942,2812 2021,2807 2101,2808 2180,2807 2260,2812"/>
                <TextEquiv>
                    <Unicode>Der worten halb, Genesis. xiiiien. verlassen wir vns</Unicode>
                </TextEquiv>
            </TextLine>
        </TextRegion>
    </Page>
</PcGts>
