2479 3508
381 1147 591 1381 # dan
758 208 1950 413 Ses ouch. Sagen mir her pfarrer
2051 218 2309 440 Vas heißen
756 367 2280 506 hie wortt, Da er spricht In einem wort
752 476 1881 625 will ich Das nots. vf spreven
1242 561 1913 756 Pfarrer v. f. g.
875 625 2230 849 Das wortt is Das bevelck des hern
1321 772 1724 940 Zovingli
776 853 2238 1069 Als verstande mogend sy sich nit annemen
710 1000 2256 1159 Das petrus mitt keim vsserlichen wort, den
688 1099 2262 1280 schuffen der vijthen zemen bracht hab Dan
722 1194 2323 1375 sy mutz annders vermogen, Sam Petrus, sprecke
726 1288 2272 1476 her so du michs heissest, so will ichs thun
718 1395 2274 1575 wo ist aber hie das vsserwartt, Deß halb
730 1488 2317 1661 Die wortt, Das ist nun Lechnam, Durch den
730 1585 2303 1762 vnnd andre grund noch nie bewert, sind, Das
734 1684 2292 1831 sy vermogende den lichnam Christi In das brot
1248 1803 2299 1932 vnnd bezug mich das off eins
720 1780 1059 1960 Hebringen
730 1893 1807 2069 welchs christen lussens verstand,
1311 2010 1893 2188 farrer v. s. g.
825 2109 2341 2329 Der gleichen, so wir geredt vnnd geantwurt
720 2266 2341 2424 von Krafft des worts gottes wird ob gott will
720 2365 2270 2545 Die hörenne kilch vnnd Christenlich lässe
706 2472 1309 2623 Woll erkennen
1248 2565 1942 2776 pfarrer v. s. g.
2085 2756 2268 2893 men
712 2740 1863 2966 Nots. gnad syn wijper mitt vns
