2479 3508
2005 366 2275 487 anfangs
960 393 2327 590 vsserlichen regierung der kirchen geredt,
929 529 2342 683 So kumpt Marti buur huijs von deen Inna
1759 625 2322 752 deshalb Ick vor
945 643 1565 770 lichen Rhegiment
1974 705 2318 808 vnnd will
947 699 1791 875 am anfang zugeben hab
1788 782 2302 956 Das Christus
947 831 1645 971 onch zu geben haben
913 900 2365 1083 de schalb sie, das einig houpt der kilchen
942 1018 2293 1152 Ich han aber der vsserlicher regierung
936 1099 2346 1275 halb Das ich hoff, Inus geschrifft Junij
924 1179 2353 1371 Ersten Zweijen springen, oder drijen
913 1299 2318 1456 Dir wirt Ich geben, die Schluijssell der
944 1380 2298 1521 himeln, ende vnnd weid nunc schaffly
935 1482 2317 1652 onch den den Christus vnnser heilland
936 1599 2337 1773 zu allen smen Jungeren sagt, hat nach siner
956 1697 2297 1876 vfferstende Johanus am lesten Capittell
965 1800 2331 1971 neinend hin, den heiligen geist Denen
947 1907 2308 2072 Ir die sund vergeben, denen, sind sij ver¬
955 2007 2297 2163 geben, Denen Irs behalten Denen sind
973 2116 2329 2271 sy behaltten, mit Denen sprinchenn
956 2208 2342 2371 hoff ick besthlossen haben. Das ein söl¬
955 2313 2353 2460 chen stathallter Christi, mit so vill gewalts
945 2404 2369 2574 behalt. Der da int allem begrafft oder
962 2490 2371 2675 In sich beschlußt, die vssern regierung, die
933 2605 2329 2762 Dann int anderst, wen wer en vssern
935 2697 2351 2873 werck, souders ouch wer die Innern
