2479 3508
48 2309 149 2437 widerxx
34 2414 130 2559 bigen
1964 200 2130 351 127
887 202 1646 360 Die ander Oblussered
555 330 2145 467 glauben vnd getouft vind, machen die heiligen chri¬
595 452 2187 566 stenlichen tilchen, vnd nitt mer Ist wann ein kilch,
563 528 2128 631 Als wir haben, Canticorum am vj. finig Ist min
574 601 2191 727 tub. Einig tot min vnbefleckte is, vnd to hannis am
570 692 2161 805 x. Es wirdt ein Chefstal, vnd ein hirt, darus vol:
566 776 2155 923 got witer, so dieseblig etwas statuten maeckt, als
568 858 2163 1011 geregiert vom heiligen geist, nitt het, vnd nitt faelt,
582 948 2119 1089 vnd Ire statuta anzenamen sind, ob Tischon nitt
580 1007 2239 1167 luter In gleichen worten, In der schrift begriften sind,
561 1112 2149 1232 So doch der geist gottes verheissen Ist, das Er werde
568 1205 2254 1341 der heiligen christenheit verkunden das kunftig ist,
561 1295 2107 1415 Item zu witver bestatigung, Decunda Petri am. 1.
561 1400 2109 1554 da also geschriben stat, Cas Oollen fr zum exsten
566 1474 2147 1623 verstan, van alle Othrift van gott fngaben, vnd nitt
572 1535 2197 1709 beschicht vsleigner vslegung, vnnders angeblasen,
568 1642 2086 1772 oder In gegeistot van dem heiligen geist, haben die
561 1741 1573 1890 heiligen manner gottes geredt,
976 1888 1554 2048 Martinus Burger,
1365 2023 1453 2094 17
488 2025 2178 2231 Aangost Ist gesagt, So die kilch, fur die glaubigen
568 2172 2128 2325 genomen wwit, So macht ende de hein gebott, Es hat
563 2256 2187 2391 ein hallen grund In der Schrift, vnd das ort Petri,
551 2340 1899 2494 In der. ii. am.i. cap. wil ouch mit anders,
952 2441 1468 2622 Mexius gradi
1322 2563 1428 2645 24
507 2576 2130 2784 Der Marti buyer sagt, das de kilch, wie Ich die
547 2700 2140 2864 namme, dhein andere Tagung mache, ende bije dann
553 2790 2176 2975 offenlich gegründt In dem wort gottes, begart was
