2479 3508
145 391 395 545 Fass un
141 1202 456 1402 F vnd vnser
247 1356 441 1484 wust
180 1738 293 1899 .2
981 124 1656 280 Die vierd schlußers
1938 148 2203 280 107-187
1135 224 2218 438 Dan wis die allten in leblich oster¬
458 265 1061 462 gehelffelven brot
1716 371 2192 523 Also will
493 395 1664 547 lam affendt, mit ungehobffeltem brot
493 458 2200 627 er Das wir Inn vnserm glauben, In Christum, sollen
495 551 2196 718 geselschafft han, mitt denen, die ein vuijgeffellt brot
1113 642 2172 796 Das aber her Bemdicht sagt wis
516 690 623 788 sind
510 736 2116 935 Das die sichur vnnd das da gesgruijt ist, soll
497 842 2207 1033 glichmessig sin, gefellt mur woll, so er, Cerimonij
501 909 2140 1137 get. I krimonij will verglichen, so habend die
495 1003 2211 1252 allten Das osterkam leblich gessen mit der Danck¬
525 1139 2092 1315 sagung Irer erlösung Allso haelten ouch wir
523 1230 2248 1439 vnnser Terimonien In brechung des Sacramentlichen
486 1302 2235 1519 brots mitt danck sagmen, vnserer erlösung Die figur
499 1395 2216 1599 aber Das durch das lomblin die erlösung furbe¬
508 1512 2194 1721 dut wirt, ist Inn Christo selbs ex sullen worden,
495 1645 2088 1840 am Crutz vnnd Durch van seren glauben ende
1020 1732 1823 1916 Pfarrer von santg
584 1827 2153 2012 Off antwint Doctor Ccolampadij allen Intragen
499 1931 2198 2103 Zeverantwurten mitt erklaring der Dancksagning
523 2042 2140 2194 so bij dem nachtmael des hern, pebrucht soll
499 2122 2159 2300 werden, wes ick nit viel zuwider, attein das be¬
503 2218 2177 2394 ger ick zu versichring umsters glaubens bass mit
519 2298 2161 2500 verschrifft erklärt zu werden, Das glouwen soo essende
523 2400 2218 2591 (so min Caelesz ers nempt) Das Sacramentlich brot
510 2506 2140 2680 dens des liden vnnd tods Christi erInnernt wie
512 2602 2237 2778 will me sollte vns erInnern, Das wesen silber. Damit
525 2710 2177 2869 prund alle liebe, sinen dester welkomenlicher Junij
510 2782 2224 2992 Yms erklärt, Dann die allten vnder Dem Moyse
