2479 3508
15 921 117 992 M4
24 1003 123 1106 verstorben
35 1082 117 1168 Nr. 1
26 1150 123 1277 I don't
24 1262 121 1354 wäre f.
24 1436 117 1539 Der
24 1530 121 1634 i tous les
31 1623 134 1719 Das wir
29 1713 132 1843 er zu
29 1821 128 1944 suschwert
20 1906 136 2025 van volgen
26 2007 141 2109 ind' blut
33 2089 139 2232 serundes
20 2214 132 2306 inclus bij
22 2298 128 2381 ott vnd
24 2368 130 2485 meister
29 2841 136 2957 or xvj
1590 130 1686 178 ¬
1983 165 2113 222 27
1000 141 1577 308 Dus 4. sluproden
528 211 2236 391 gottes Des vattens allmechtigen Vermeint damit
550 367 2315 499 er moge int mer/ bij vns vff erd lijblichen sin arguiert,
528 431 2289 587 Darumb mogen er int Im Sacrament sin, allso hen Marti
543 558 2203 660 bincer, hetter gesagt, Christus mog int Zemae an
543 620 2203 767 zweyen oxten, leblich sin antwint, ick Im Das
536 693 2252 851 Ers mitt woll betrachtert hatt, die allmechtigkeitt
543 739 2298 950 gottes, als durch den heiligen Enangelisten Lucan
550 877 2260 1040 angeszeigt, wie der engell, zu Marie sprach, Es wirt
554 967 2210 1143 Int vannoglich sin by pott alles wort. So er
721 1075 901 1139 t'une
552 1084 2205 1233 Ingefurt er sitze zu der gerechten gottes, sagenn
1238 1165 2247 1315 wer Das er setz by vns nit
530 1203 952 1315 wix ouch
508 1244 2245 1436 mog sin lijblich, Lassvndt wir int nach, Dann
532 1346 2285 1539 wir haben uffgewinkte schrifft, acterum ixo ca: wist
539 1438 2236 1616 paulus van Jhernsalein In damasium wolltt
552 1541 2256 1715 vnd do er nachet Damasco, hatt Inn vmbgeven
536 1634 2230 1810 sein glast vom hincell, vnd so er viell vff Das
543 1737 2254 1911 extracht, hort er ein stimm zu Im sprechende, Paulus
558 1829 2265 1992 danke was dunchechtert mich. Welcher sprach
1372 1917 2216 2047 Als er antwort Ick
536 1931 1310 2067 her over bist thu du
530 2012 2172 2166 bin Jesus Den En durch echtest. Da sechent
519 2082 2179 2254 Christen, wie der her Jesus vor Damasco
517 2159 2225 2339 bij paulo was vnd midt dest minder gesessen ist
547 2309 2249 2474 zu der gerechten, gottes suis vatters Item
607 2388 2243 2537 zum Cherinth: am de ca: parceus ouck anzeigt
1878 2498 2181 2634 So dan
532 2485 1726 2674 Item den spruch Maxci am xiii
545 2590 2230 2779 ettwar vch wirt sagen, Hie Ist Christus Dort
534 2700 2245 2874 ist er sollende ges. int glauben. Diss wort wel
541 2801 2269 2975 Een int verstanden werden, van unserm Sacrament
