2479 3508
0 524 165 667 fatt mittel
14 634 103 755 verh.
18 737 167 878 umeing to be
2 836 139 993 Läxen
26 1077 175 1188 vns anderen
44 1194 169 1307 Poe Hantt
12 1299 173 1424 axlich linnen
18 1394 169 1512 das selve
1055 137 1804 314 die vierd schlußred
1943 185 2106 292 153
576 272 2165 467 fleisch Im brett, zeessen Im nachimall verheissen,
606 401 2129 544 vnnd erklarts mitt den wortten, oder murren
580 493 2195 644 Der Juden Dient vns mer, weder siner meynung
620 578 2221 709 Dann vor denselben worten, Da die Inden mur¬
620 663 2239 812 wetenn, hatt Christus sich mut vill worten Dac¬
620 755 2145 898 gebenn, Das er Das läbennich brot ware, Das
624 850 2127 987 vom hunnell herab komen ware welches vijll
618 938 2157 1059 ein annder brott, weder Das das Moyses geben
618 1033 2143 1186 hette Da min die Inden int verstunden, wie
614 1132 2139 1289 er das meinte Das ist wie er ein bret oder
618 1216 2207 1367 spijsz war, Go thut er sick mitt den worten
626 1311 2094 1476 vff, vnnd spricht Das ist aber der will des
620 1414 2114 1579 Vatters der mich gesandt hatt, Das alles das
618 1484 2227 1671 er mir gibt, ick daraon nutzit verlierere sonders
606 1613 2191 1768 Das by dem leben behallte Inn der lesten get. Jetz
626 1698 2175 1855 thut sich Christus aber klarer vff was er meine
632 1794 2090 1945 mitt dem gebenn was Im der vatter gebe
628 1887 2098 2058 Inne spricht allso das is der will des
604 1986 2143 2141 der mich gesandt hatt, Das ein Jeder Der
624 2092 2183 2245 Een ann erkennt vnnd vff In vrouwt, sovigs leben
614 2185 2135 2352 habe, vnnd das ick den binn leben behallte, zur
626 2286 936 2429 lesten zijt
1222 2294 2203 2445 Alß min Christus Inn ver¬
630 2380 2179 2543 genden worten Im selbs so vill zugeben hatt. Das er
656 2485 2219 2634 sich om thurer brot macht weder moses geen hette
636 2582 2219 2739 oncen so thur macht, Das wer sich an Im liesse
628 2676 2231 2833 der hette ewigs leben, Habenne die Juden gemurret
642 2779 2245 2940 mit allein das er sich een brot macht somnders ouch
