2479 3508
852 283 2323 466 nichtigkeitt vnnd warcheitt. Dann die wortt
831 422 2329 590 Des herren Warheit sind Johannis am xvi copi
810 512 2302 653 Diewije Dann er vnns verheissen, hatt Damitt
864 595 2302 759 vnnd gschrifft die annere perschrifft erklärte
858 673 2296 835 So hatt er gesagt, Das wrot, das ick och wierd
858 778 2306 927 gebenn. Ist min fleisch welches ick geben wintt
858 883 2283 1003 für das lebenn der welet, sollichs alles hatt er¬
875 963 1583 1084 statstt, Im nachtmall
1608 959 2302 1086 Namlich da er hatt
854 1039 2323 1197 das brott genomen / in die hende / hatt danck gesagt
854 1128 2329 1280 onch brechen vnnd des gebenn sijnen jungern, Dabe
854 1216 2291 1360 gesagt, Nemende asseene, Das ist min lijb Der
845 1315 2289 1471 glichen genomen, een kelch danck gesagt vnnd
837 1400 2302 1564 Inen heben, sagennde trinckene all darussz Das
849 1497 2296 1653 Ist min blint des muwen thestaments Oveloches
833 1592 2249 1731 fur vill vergossen wurde zu verzuchung der
845 1676 997 1796 sund
1263 1672 2300 1828 Nus hallet In vnnser glaub, onge¬
826 1758 2262 1920 zwijffellt. No nu Christus beuelchen hatt
845 1876 2260 2019 sollichs gethun werden, Inn siner gedechtnus
854 1952 2262 2102 Nu ist gewuss, alles das so vnmogench denn
845 2047 2266 2180 Monschen by gott vermoglich Mathei am xx
839 2154 2275 2298 vnnd pantus zuu Rhömern am iiij, Lucas
887 2262 1060 2359 cap.
1383 2338 2287 2578 Meister Vlrich Zwingli
843 2527 2315 2740 Der erst Spruch Das bret, das ick vch
843 2679 2327 2844 gebenn, wurde Ist min flasten welches Ich vmb
803 2770 2329 2930 Das lebenn der welle hun hebben wirt Johanus am v
