2479 3508
1213 115 1989 302 Die. vii. Schlusstad,
1262 255 1881 438 Berchtoldus Hatter,
598 421 1268 589 Sesz.glichen wir ouch
1238 534 1908 706 Johannes buchstab,
630 719 2283 911 Des Othickers halb, Oprich Ich also, So wir vmb vn¬
638 857 2313 1002 ser vunden renitenen tund, oder straff darumb liden,
634 940 2304 1051 wie Er vmb die binnen gelitten hat, mitt einem vol¬
632 1023 2315 1177 kommen glauben, werden wir aue zwifel mitt Jan
619 1113 2257 1257 gliche beloming empfachen, Auch ein getlicher, So
640 1196 2240 1336 volkomenlich glaubt, Das hangt aber daran, als vor
638 1279 2230 1406 ouch gemeldet, welicher in Christum Jesum wil
638 1372 2304 1523 glouken, muß vollbringen alles das, So fr gelert het
653 1491 2281 1606 Eeren zu besorgen wenig Ist, Das aber die Richen
621 1545 2181 1696 farzit begangen, vnd oomlichs den Armen, die
608 1632 2200 1783 Comlicks nitt vermogen, nitt zu nug kumpt,
623 1711 2308 1857 gestand Ich nitt, dann de hem vigilg noch Delmast
628 1802 2234 1962 gelasen wirdt, da nitt fur all gloubig Oelen, In
617 1891 1796 2055 den collecten ouch gebatten werde,
1191 1996 1828 2162 Verchtoldus hebben
1591 2136 1672 2230 10
640 2153 2249 2347 Des Othathers halb, bedarff de henier andtwurt,
621 2291 2272 2434 Ouch was vom glauben harm Ift gezogen, dann es
606 2372 2234 2536 dehem fagfur probiert, vnd nacht nach der lange,
598 2464 2274 2598 durch Meistern Vlrichen erlutrot, Das aber wir
617 2538 2236 2698 Oprachen, All todten dienst, Open widrig der liebe,
606 2625 2317 2757 Darumb das Pi úberflussiger tus die Richen beschach:
611 2715 2249 2842 en, dann für die Nomen, die si nitt Stiften, ligt
608 2802 2266 2944 am tag, dann So der Rich nitt verhoffete, das Im
