2479 3508
1079 112 1810 296 Die fünfte Schlusseredi
1033 274 1668 449 Martinus burger,
675 412 2211 630 Damitt wir vff der ben bliben, So wetten wij, vff
529 544 2222 710 das Ies Jugefuit, harnach andtwurten, vnd fragen
561 645 2201 820 die gütten hevren, ob zi mitt frem massopter ver¬
591 740 2060 906 meinen den erwelten vijit zuholfen, oder nitt,
1081 867 1612 1059 gidius muure,
1383 1008 1476 1156 4
598 1077 2328 1258 Sie gaben andtwurt, Das wir nitt der mennung sind,
1392 1184 1545 1247 noch
593 1184 2198 1316 das wir wetten erfüllen ader, te hilflich sin, dem liden
593 1266 2244 1411 Christi, Qunders wir vermeinen, vns allein teibhaftig
608 1359 2248 1515 zu machen zuis lidens, Als mocht Ich ein f'xempel
589 1450 2198 1603 gul. Gott der herr hat geschaffen die Edle Crettur
604 1536 2179 1681 der Ommen, das Si erluchte die ging welt, wann
1916 1629 2110 1691 „hus¬
608 1622 2248 1758 aber eener ware Inbesthossen In ein vnisteren wir
604 1713 2298 1855 die Onum nitt thuldig, vnnders hatte vorbrucht volkomen:
608 1810 2298 1950 lich fr ampt, darin Oi geschriften Ist, Eer mentsten were
608 1883 2274 2043 aber Schuldig, das fr nitt vftate, damitt Er beluchtot
619 1985 2304 2091 mochte werden, Also vermeinen wir hie ouch, Chri¬
617 2071 2278 2211 stus habe ging gethan gans und gar, wir sollen vns
611 2140 2242 2311 aber teilhaftig machen, mitt dan betrachtlichen opfer
593 2265 943 2416 der Wisz.
988 2321 1618 2509 Martinus Buger,
619 2462 2216 2708 Christus gagt, Niemand kumpt zu mir, der vatter
615 2624 2179 2792 Züch Jun dann, Johannis vio. Darumb werden die
604 2708 2179 2885 Miss: macher, niemand teilhaftig machen des lidens
