2479 3508
87 3353 243 3438 Votre est
273 3319 392 3446 -
792 351 2243 567 kunnig geheissen werden, sonder allein der der
779 509 2243 635 vollen gewalt zeregieren, hat, Also leren vnnd
771 598 2270 762 Grijsen ist em eigenstchafft des houpts, aber int
1295 701 1404 758 ver
805 711 2254 854 ein solche, Das vor sij habe darumb, das houpt
807 780 2322 935 genempt werden moge Paulus nennet Christum
424 873 613 1018 Dagar
790 886 2281 1048 Dachter Das houpt, der kirchen, Das er sy durch
814 992 2249 1154 sin geist lebendig vnnd salp machet, Die min
805 1093 2239 1233 bruder verchtold anzogen hat, Sölchs vermag
818 1186 2258 1325 min niemand, Dann allein Christus, vnd alles
784 1276 2187 1450 das samt peter, oder einiger Opostell ge¬
816 1393 2271 1548 vermocht, hat Ist nichts mer van vsserlichen
1945 1508 2236 1634 welches
818 1487 1604 1612 predigen des onangeckens
396 1591 722 1749 1 cor. iij.
807 1583 2162 1717 Doch vnkrefftig ist, wo es int der ennen
794 1678 2202 1836 meister, Christus Im hertzen, lebendig vnnd
814 1772 1350 1921 krefftig machet
1636 1796 2187 1910 Darumb muijs
809 1851 2187 2015 In her Bicht vatter schrifft harbringen, Das
837 1985 2234 2138 sant pieters ampt beuelcken vnnd werck so wyt
831 2066 2266 2209 sich strecke Das er darumb der kilchen
818 2172 2204 2324 houpt genennet werde, nach der schrifft
811 2258 1088 2409 zereden
1312 2253 2224 2428 die schrifft lasst om dienst
390 2371 777 2520 1 Cornith: iiij
831 2371 2245 2528 sin vnnd erkennen Doher petrum om Diener
795 2492 2236 2650 der kirchen/ macher Inn Eesthalb zu keinem
814 2588 2172 2760 Houpt, Dann nach paulo, Dec kirchen
824 2694 2237 2858 haupt sin, Ist Ir heillane sin, wis vsz. paulo
816 2795 2211 2973 an zogen zijn Eegestern am funfften Cappittell
549 3293 971 3442 -
