2479 3508
296 553 538 719 tinscher
786 435 2239 620 wortt einthek, sind mir vxt bracht die
1667 547 1881 612 tusscher
795 542 2283 706 da sagen, ein ein gewicher thunstige weist das
813 643 2234 828 em grosser vnderstheid ist vnnder ein vnnd
811 738 2237 906 eintzigk, Erntzigk schlusst all aunder vss.
784 841 2278 1028 Ein latt ein andern bij Im begeben, vnnd wirt
778 952 2243 1110 Warlich gspit, wan zeven sine, einer ist: es
778 1040 2247 1236 Wirt aber int war gseit, ein eintziger ist
1333 1198 1681 1370 Bincer
834 1326 2272 1566 Diewijl niemand wer als ist, der Das sub
786 1509 2228 1665 das zu einem houpt der kilchen gehortt
784 1578 2278 1755 Nemlich sy salen macht Dan allem Christus
807 1694 2264 1854 so volgt Is klarlicen Das man sagen muss
774 1820 2308 1969 das eintzig houwt darzu die wijl nieman
799 1898 2258 2083 mitlern kan zwustchen pot, vnnd den mousthen
799 2016 2237 2192 dan allein Christus, so gillt aber Das wortly
805 2138 2211 2304 ein mitteer, alles vill als einttgrgk, Also
805 2234 2236 2409 Ick glauw Inn einen pot. Da ist aber ein
780 2312 2270 2497 vnnd nit eintzigk, vnnd gul.t aber dienst
763 2423 2243 2596 Das wortly ein, allß vill allß eintzigk. Dan
805 2531 2264 2705 niemand wirt Ine ein nabend het bekennen,
837 2630 2215 2806 Als so ist ouch hie niemand, nebend Christo
1639 2735 2262 2892 darinne er von
801 2737 1478 2915 Der Das thun mogen
