<?xml version="1.0" encoding="UTF-8" standalone="yes"?>
<PcGts xmlns="http://schema.primaresearch.org/PAGE/gts/pagecontent/2013-07-15">
    <Metadata>
        <Creator>prov=READ-COOP:name=TrHtr:version=2.41.0:model_id=51170:date=09_03_2026_17:25</Creator>
        <Created>2026-01-27T10:35:01.702+01:00</Created>
        <LastChange>2026-03-09T17:25:08.397+01:00</LastChange>
        <TranskribusMetadata docId="13922579" pageId="112790655" pageNr="721" status="IN_PROGRESS" userId="537" imgUrl="https://files.transkribus.eu/Get?fileType=view&amp;id=BYYYVRYUKVEYQTLYWSOQKUPJ" imageId="95349726"/>
    </Metadata>
    <Page imageFilename="112790655.jpg" imageWidth="2479" imageHeight="3508">
        <TextRegion orientation="0.0" id="tr_1">
            <Coords points="447,783 447,942 561,942 561,783"/>
            <TextLine id="tr_1_tl_1" custom="readingOrder {index:1;}">
                <Coords points="440,909 471,907 478,899 497,907 557,907 543,735 526,742 503,737 488,742 478,733 465,750 425,752"/>
                <Baseline points="447,883 475,885 504,888 532,891 561,892"/>
                <TextEquiv>
                    <Unicode>11</Unicode>
                </TextEquiv>
            </TextLine>
        </TextRegion>
        <TextRegion orientation="0.0" id="tr_2">
            <Coords points="641,197 641,2891 2328,2891 2328,197"/>
            <TextLine id="tr_2_tl_1" custom="readingOrder {index:1;}">
                <Coords points="1200,291 1381,249 1542,308 1672,289 1720,251 1756,287 1791,262 1835,308 1886,308 1942,285 1944,111 1712,140 1684,168 1598,149 1523,216 1437,220 1200,128"/>
                <Baseline points="1212,265 1248,249 1285,247 1322,247 1358,247 1395,247 1432,247 1468,247 1505,247 1542,247 1579,247 1615,245 1652,244 1689,244 1725,244 1762,241 1799,241 1835,243 1872,244 1909,246 1946,253"/>
                <TextEquiv>
                    <Unicode>Die viii. Schlusseredi</Unicode>
                </TextEquiv>
            </TextLine>
            <TextLine id="tr_2_tl_2" custom="readingOrder {index:2;}">
                <Coords points="639,398 804,450 863,402 2233,436 2191,306 2047,344 2005,308 1948,360 1724,279 1686,318 1372,291 1251,360 1125,312 639,333"/>
                <Baseline points="650,388 729,386 808,388 888,389 967,391 1047,391 1126,391 1206,391 1285,394 1365,394 1444,395 1523,394 1603,395 1682,397 1762,394 1841,393 1921,395 2000,397 2080,403 2159,408 2239,412"/>
                <TextEquiv>
                    <Unicode>van glauben tratten, Die werden die fe vnd Opiss,</Unicode>
                </TextEquiv>
            </TextLine>
            <TextLine id="tr_2_tl_3" custom="readingOrder {index:3;}">
                <Coords points="641,497 1971,482 2325,526 2304,388 2170,453 1519,400 1207,450 1050,402 928,450 641,425"/>
                <Baseline points="653,480 736,477 820,474 904,476 988,480 1071,477 1155,477 1239,477 1323,483 1406,485 1490,486 1574,486 1658,485 1741,482 1825,480 1909,477 1993,480 2076,482 2160,488 2244,494 2328,507"/>
                <TextEquiv>
                    <Unicode>verbieten, To min die, So die Er verbieten vom 28</Unicode>
                </TextEquiv>
            </TextLine>
            <TextLine id="tr_2_tl_4" custom="readingOrder {index:4;}">
                <Coords points="629,626 790,576 1318,574 1397,629 1513,576 1676,622 2271,593 2271,530 1881,484 1653,530 1580,490 629,509"/>
                <Baseline points="641,570 722,571 804,567 885,566 967,564 1049,564 1130,561 1212,561 1294,567 1375,570 1457,573 1539,573 1620,576 1702,576 1784,574 1865,573 1947,573 2029,570 2110,572 2192,575 2274,579"/>
                <TextEquiv>
                    <Unicode>glouwen tratten, So volget, das alle die si verbieten,</Unicode>
                </TextEquiv>
            </TextLine>
            <TextLine id="tr_2_tl_5" custom="readingOrder {index:5;}">
                <Coords points="639,689 689,727 773,670 980,706 1513,672 1659,716 1844,668 2275,681 2277,612 1402,629 1318,582 1215,641 1022,572 641,624"/>
                <Baseline points="653,665 734,666 816,664 897,662 979,662 1060,662 1142,662 1223,662 1305,664 1386,663 1468,665 1549,665 1631,665 1712,663 1794,664 1875,662 1957,662 2038,659 2120,659 2201,662 2283,665"/>
                <TextEquiv>
                    <Unicode>vss dem tijfel Open, Das, aber hie geredt wirdt, wie</Unicode>
                </TextEquiv>
            </TextLine>
            <TextLine id="tr_2_tl_6" custom="readingOrder {index:6;}">
                <Coords points="641,773 1925,754 1988,790 2057,748 2122,800 2277,756 2279,700 1282,708 1148,662 997,733 643,721"/>
                <Baseline points="653,767 734,766 816,761 897,758 979,758 1060,758 1142,756 1223,755 1305,755 1386,752 1468,752 1549,752 1631,750 1712,754 1794,752 1875,746 1957,744 2038,742 2120,744 2201,746 2283,746"/>
                <TextEquiv>
                    <Unicode>machen vns sabbs die Er verbotten, Ist vor ging an¬</Unicode>
                </TextEquiv>
            </TextLine>
            <TextLine id="tr_2_tl_7" custom="readingOrder {index:7;}">
                <Coords points="635,903 2298,846 2298,788 2154,813 2041,752 1906,804 1406,760 1033,825 635,784"/>
                <Baseline points="647,856 729,856 812,854 895,850 977,848 1060,850 1143,850 1225,847 1308,847 1391,845 1474,847 1556,846 1639,846 1722,844 1804,841 1887,841 1970,839 2052,837 2135,835 2218,835 2301,835"/>
                <TextEquiv>
                    <Unicode>Zoigt, das wir gott nitt vergrissen hollen, dat Er vns</Unicode>
                </TextEquiv>
            </TextLine>
            <TextLine id="tr_2_tl_8" custom="readingOrder {index:8;}">
                <Coords points="635,964 1376,936 1839,980 2248,936 2208,857 2114,882 2074,844 1909,888 1743,859 1628,918 1332,859 1272,907 1018,865 635,909"/>
                <Baseline points="647,952 727,949 807,946 888,941 968,937 1048,937 1129,937 1209,937 1289,934 1370,931 1450,931 1530,934 1611,931 1691,933 1771,932 1852,934 1932,928 2012,925 2093,925 2173,925 2254,925"/>
                <TextEquiv>
                    <Unicode>nitt gaben wil, vnd wo aber das geschicht, das is</Unicode>
                </TextEquiv>
            </TextLine>
            <TextLine id="tr_2_tl_9" custom="readingOrder {index:9;}">
                <Coords points="654,1048 983,1079 1242,1022 1615,1060 2085,1014 2204,1083 2311,1027 2311,974 2156,939 1068,983 995,934 654,987"/>
                <Baseline points="665,1035 747,1035 830,1032 912,1031 995,1027 1077,1026 1160,1024 1242,1021 1325,1021 1407,1018 1490,1016 1573,1018 1655,1019 1738,1021 1820,1021 1903,1019 1985,1016 2068,1012 2150,1012 2233,1012 2316,1015"/>
                <TextEquiv>
                    <Unicode>wie vorgesagt, ein vermissenheit Ist, nitt eni gehor¬</Unicode>
                </TextEquiv>
            </TextLine>
            <TextLine id="tr_2_tl_10" custom="readingOrder {index:10;}">
                <Coords points="647,1188 834,1123 1001,1167 1387,1117 1638,1163 1693,1117 2179,1119 2089,1018 1437,1073 1255,1029 968,1091 888,1041 649,1060"/>
                <Baseline points="659,1134 735,1128 811,1124 887,1122 964,1122 1040,1122 1116,1122 1193,1119 1269,1116 1345,1113 1422,1113 1498,1113 1574,1110 1650,1110 1727,1112 1803,1112 1879,1110 1956,1107 2032,1107 2108,1103 2185,1104"/>
                <TextEquiv>
                    <Unicode>same oder gloub, Dann wo gloub Ist, da Ist die</Unicode>
                </TextEquiv>
            </TextLine>
            <TextLine id="tr_2_tl_11" custom="readingOrder {index:11;}">
                <Coords points="641,1228 1121,1257 1179,1211 1536,1209 1672,1253 1816,1209 1957,1314 2179,1203 2300,1293 2302,1083 2202,1150 1846,1117 1481,1179 834,1125 641,1186"/>
                <Baseline points="653,1227 735,1224 818,1219 901,1216 983,1218 1066,1217 1149,1211 1231,1206 1314,1206 1397,1204 1480,1203 1562,1206 1645,1203 1728,1203 1810,1203 1893,1202 1976,1200 2058,1197 2141,1198 2224,1191 2307,1182"/>
                <TextEquiv>
                    <Unicode>hoochste pflicht, wo man gunst gelubd thut, Ist en</Unicode>
                </TextEquiv>
            </TextLine>
            <TextLine id="tr_2_tl_12" custom="readingOrder {index:12;}">
                <Coords points="643,1368 771,1318 1022,1364 1200,1314 1328,1358 1471,1299 1781,1328 1869,1316 1871,1228 1565,1255 1513,1209 1232,1257 1173,1217 1127,1261 993,1267 897,1215 788,1276 645,1255"/>
                <Baseline points="656,1313 716,1313 777,1313 838,1313 899,1313 959,1311 1020,1310 1081,1307 1142,1305 1202,1301 1263,1300 1324,1300 1385,1298 1445,1298 1506,1298 1567,1298 1628,1298 1688,1298 1749,1299 1810,1299 1871,1298"/>
                <TextEquiv>
                    <Unicode>grouss zrichen, das gloub da niet Ist,</Unicode>
                </TextEquiv>
            </TextLine>
            <TextLine id="tr_2_tl_13" custom="readingOrder {index:13;}">
                <Coords points="1253,1504 1588,1475 1653,1487 1722,1538 1802,1492 1900,1492 1902,1391 1844,1372 1812,1389 1777,1353 1651,1420 1609,1391 1580,1420 1402,1429 1255,1349"/>
                <Baseline points="1265,1480 1298,1473 1332,1471 1365,1471 1399,1469 1433,1468 1466,1468 1500,1468 1534,1468 1567,1468 1601,1468 1634,1468 1668,1468 1702,1468 1735,1468 1769,1468 1803,1468 1836,1467 1870,1466 1904,1471"/>
                <TextEquiv>
                    <Unicode>Johannes buchstab</Unicode>
                </TextEquiv>
            </TextLine>
            <TextLine id="tr_2_tl_14" custom="readingOrder {index:14;}">
                <Coords points="635,1739 2183,1716 2170,1592 1747,1668 1628,1607 1477,1659 1427,1609 1276,1682 1159,1624 1119,1659 1058,1615 949,1682 756,1626 637,1689"/>
                <Baseline points="647,1725 724,1717 801,1719 878,1717 955,1713 1033,1712 1110,1707 1187,1704 1264,1704 1341,1704 1419,1704 1496,1703 1573,1702 1650,1704 1727,1704 1805,1704 1882,1704 1959,1704 2036,1701 2113,1695 2191,1698"/>
                <TextEquiv>
                    <Unicode>8 Ist clar, das Manias nitt gehalten hat, gunst</Unicode>
                </TextEquiv>
            </TextLine>
            <TextLine id="tr_2_tl_15" custom="readingOrder {index:15;}">
                <Coords points="635,1818 966,1802 1091,1846 1177,1808 1387,1877 1588,1793 1697,1835 1768,1795 2206,1804 2206,1728 2049,1703 1578,1754 1450,1716 1379,1770 1288,1716 1104,1712 804,1783 637,1760"/>
                <Baseline points="647,1812 725,1812 803,1807 881,1805 959,1803 1037,1800 1115,1798 1193,1797 1271,1794 1349,1797 1428,1794 1506,1794 1584,1791 1662,1791 1740,1791 1818,1790 1896,1785 1974,1788 2052,1786 2130,1781 2209,1779"/>
                <TextEquiv>
                    <Unicode>tware er nitt gachligen gestorben, Der kustheit</Unicode>
                </TextEquiv>
            </TextLine>
            <TextLine id="tr_2_tl_16" custom="readingOrder {index:16;}">
                <Coords points="647,1890 794,1936 2317,1888 2319,1774 2202,1844 1921,1787 1707,1837 1557,1795 1376,1869 1163,1818 1064,1865 1004,1810 907,1865 817,1816 647,1839"/>
                <Baseline points="659,1889 742,1892 825,1890 908,1889 991,1889 1074,1889 1157,1889 1241,1886 1324,1883 1407,1883 1490,1883 1573,1880 1656,1877 1739,1874 1823,1874 1906,1875 1989,1872 2072,1871 2155,1871 2238,1872 2322,1877"/>
                <TextEquiv>
                    <Unicode>halb, wirdt niemand abgeschlagen, So Sanctus</Unicode>
                </TextEquiv>
            </TextLine>
            <TextLine id="tr_2_tl_17" custom="readingOrder {index:17;}">
                <Coords points="633,2043 936,1984 1027,2036 1094,1986 1263,2034 1362,1971 1814,1971 1900,2041 2057,1963 2261,1997 2246,1873 1636,1925 637,1900"/>
                <Baseline points="647,1991 732,1988 817,1986 902,1983 987,1982 1073,1979 1158,1975 1243,1973 1328,1970 1413,1967 1499,1967 1584,1967 1669,1967 1754,1966 1839,1964 1925,1961 2010,1960 2095,1955 2180,1955 2266,1958"/>
                <TextEquiv>
                    <Unicode>Paulus Opricht, prima ad Cornithios. 1o. Gott Ist</Unicode>
                </TextEquiv>
            </TextLine>
            <TextLine id="tr_2_tl_18" custom="readingOrder {index:18;}">
                <Coords points="626,2137 1043,2061 1332,2059 1395,2101 1464,2053 2189,2076 2189,1994 1902,1973 1808,2017 1410,1971 1265,2034 1098,1986 1024,2043 945,1984 798,2047 629,2041"/>
                <Baseline points="641,2074 718,2074 796,2071 873,2068 951,2065 1029,2063 1106,2061 1184,2060 1262,2059 1339,2057 1417,2053 1495,2054 1572,2054 1650,2054 1728,2054 1805,2054 1883,2051 1961,2051 2038,2048 2116,2044 2194,2042"/>
                <TextEquiv>
                    <Unicode>getruw, der vijch nitt last versucht werden, vber</Unicode>
                </TextEquiv>
            </TextLine>
            <TextLine id="tr_2_tl_19" custom="readingOrder {index:19;}">
                <Coords points="656,2170 1016,2158 1089,2219 1184,2147 1999,2170 2267,2145 2269,2053 656,2129"/>
                <Baseline points="668,2161 748,2158 828,2156 908,2155 989,2152 1069,2149 1149,2146 1230,2146 1310,2146 1390,2145 1471,2143 1551,2140 1631,2140 1711,2139 1792,2139 1872,2137 1952,2135 2033,2132 2113,2128 2193,2124 2274,2125"/>
                <TextEquiv>
                    <Unicode>viver vermogen, wann Er macht ouch fur kommus</Unicode>
                </TextEquiv>
            </TextLine>
            <TextLine id="tr_2_tl_20" custom="readingOrder {index:20;}">
                <Coords points="647,2263 855,2252 905,2294 1247,2240 1410,2302 1542,2240 2204,2254 2279,2235 2281,2149 1647,2196 1251,2160 1091,2219 930,2154 859,2198 649,2168"/>
                <Baseline points="659,2242 740,2246 821,2246 902,2245 983,2242 1065,2239 1146,2239 1227,2236 1308,2238 1389,2236 1471,2233 1552,2231 1633,2230 1714,2229 1795,2227 1877,2224 1958,2221 2039,2218 2120,2217 2201,2215 2283,2218"/>
                <TextEquiv>
                    <Unicode>der versuchtung, das Ir di mogen erliden, u. Das</Unicode>
                </TextEquiv>
            </TextLine>
            <TextLine id="tr_2_tl_21" custom="readingOrder {index:21;}">
                <Coords points="654,2346 2286,2344 2252,2242 2129,2279 1523,2244 1410,2302 1370,2261 978,2250 905,2296 855,2252 656,2286"/>
                <Baseline points="665,2331 746,2332 827,2334 909,2331 990,2331 1071,2331 1153,2328 1234,2328 1315,2324 1397,2322 1478,2322 1559,2317 1641,2318 1722,2316 1803,2313 1885,2310 1966,2309 2047,2307 2129,2306 2210,2301 2292,2301"/>
                <TextEquiv>
                    <Unicode>aber Paulus opricht, Is Sije besser Oich zu vermach¬</Unicode>
                </TextEquiv>
            </TextLine>
            <TextLine id="tr_2_tl_22" custom="readingOrder {index:22;}">
                <Coords points="654,2451 976,2428 1033,2476 1186,2424 1865,2441 1999,2397 2139,2434 2227,2411 2229,2325 1959,2372 1860,2323 1754,2382 1626,2342 1569,2390 1469,2323 1104,2395 656,2355"/>
                <Baseline points="665,2421 743,2423 821,2421 900,2421 978,2421 1057,2421 1135,2418 1213,2418 1292,2415 1370,2415 1449,2414 1527,2412 1605,2412 1684,2410 1762,2405 1841,2400 1919,2400 1997,2397 2076,2396 2154,2393 2233,2394"/>
                <TextEquiv>
                    <Unicode>len, dann gebreut werden, Sol ein Jeder vorhin</Unicode>
                </TextEquiv>
            </TextLine>
            <TextLine id="tr_2_tl_23" custom="readingOrder {index:23;}">
                <Coords points="645,2558 911,2512 1006,2560 1142,2510 1259,2560 1393,2504 1695,2508 1741,2552 1915,2493 2261,2487 2263,2388 2154,2445 1670,2416 1536,2478 1435,2424 647,2462"/>
                <Baseline points="659,2513 739,2513 819,2513 900,2511 980,2510 1060,2507 1141,2504 1221,2502 1301,2501 1382,2501 1462,2501 1542,2501 1623,2498 1703,2494 1783,2489 1864,2489 1944,2486 2024,2481 2105,2479 2185,2479 2266,2480"/>
                <TextEquiv>
                    <Unicode>Oolichs erfaren, So Er die priesterschaft an sich na¬</Unicode>
                </TextEquiv>
            </TextLine>
            <TextLine id="tr_2_tl_24" custom="readingOrder {index:24;}">
                <Coords points="645,2617 1190,2602 1330,2648 1536,2598 1663,2663 1747,2598 2246,2604 2250,2487 2101,2529 1896,2495 1745,2552 1519,2504 1267,2558 1138,2510 1012,2568 897,2510 844,2562 647,2560"/>
                <Baseline points="656,2603 735,2603 815,2603 895,2608 975,2604 1054,2600 1134,2597 1214,2600 1294,2597 1373,2593 1453,2591 1533,2588 1613,2589 1692,2588 1772,2584 1852,2579 1932,2582 2011,2577 2091,2572 2171,2571 2251,2576"/>
                <TextEquiv>
                    <Unicode>me. Des Wisthofs halb dag Ich also, Oas uss.</Unicode>
                </TextEquiv>
            </TextLine>
            <TextLine id="tr_2_tl_25" custom="readingOrder {index:25;}">
                <Coords points="639,2705 1906,2700 2076,2659 2244,2719 2246,2604 1743,2606 1655,2654 1192,2602 874,2654 641,2621"/>
                <Baseline points="650,2692 729,2689 809,2686 889,2684 969,2681 1049,2678 1129,2675 1209,2678 1289,2681 1369,2680 1449,2675 1528,2672 1608,2670 1688,2667 1768,2665 1848,2663 1928,2663 2008,2660 2088,2659 2168,2659 2248,2660"/>
                <TextEquiv>
                    <Unicode>dam mijwen testament, niendert erhalten mag</Unicode>
                </TextEquiv>
            </TextLine>
            <TextLine id="tr_2_tl_26" custom="readingOrder {index:26;}">
                <Coords points="660,2778 1081,2763 1412,2820 1804,2749 1932,2797 2020,2755 2254,2770 2254,2721 2154,2696 660,2721"/>
                <Baseline points="671,2770 750,2772 829,2767 909,2764 988,2764 1068,2761 1147,2761 1227,2767 1306,2767 1386,2766 1465,2764 1544,2761 1624,2758 1703,2752 1783,2748 1862,2749 1942,2749 2021,2749 2101,2748 2180,2746 2260,2743"/>
                <TextEquiv>
                    <Unicode>werden, das fin priester ein wib mog namen,</Unicode>
                </TextEquiv>
            </TextLine>
            <TextLine id="tr_2_tl_27" custom="readingOrder {index:27;}">
                <Coords points="666,2874 1020,2862 1106,2920 1754,2847 2070,2920 2290,2853 2288,2765 2024,2755 1938,2797 1596,2763 1414,2820 1135,2809 1081,2763 947,2828 836,2786 668,2828"/>
                <Baseline points="677,2869 757,2864 838,2860 919,2857 1000,2857 1081,2851 1162,2853 1243,2854 1324,2857 1405,2857 1486,2854 1566,2852 1647,2849 1728,2847 1809,2845 1890,2845 1971,2842 2052,2840 2133,2838 2214,2839 2295,2839"/>
                <TextEquiv>
                    <Unicode>vnd So man den Paulum, vff das hindrest punctli¬</Unicode>
                </TextEquiv>
            </TextLine>
        </TextRegion>
    </Page>
</PcGts>
