2479 3508
387 1770 569 1948 Mjn
2099 119 2194 203 3e
1136 104 1864 293 Die viii. Schluijsred,
591 264 2134 401 testaments, glich wie die opfer, abgangen sijen, ge¬
595 372 2132 524 stand Ich nitt, wann das die opfer des gesagzes ab¬
598 462 2095 612 gangen sijen, wirdt bejugt In de mr. xxxviiij.
577 534 2204 669 D salmen, wer niendert stat, das alle gelubden,
595 624 2202 790 hinweg genomen sijen, Is dat aber geschribenen,
579 714 2173 831 fitle siastes. vo. So du gott etwas hast verlobt, solt
589 788 2230 927 du das nitt verhindren zuleisten, wann gott miss:
600 898 2155 1019 falt, en vntruwe vnd torachtige verheissung,
608 984 2165 1134 Sessglichen Psalmo. xxxxviiiio. Leist dem hoch¬
608 1078 2163 1215 sten duijgelubde, vnd Dsalmoelxxv. Beloben
606 1164 2196 1314 vnd leisten dem herren vwerem gott, witter, das
608 1254 2163 1377 wir Christen In der gnad, kein gelubd mer, sollen
595 1336 2161 1496 noch mogen thun, dann die gelubd des glaubens,
608 1428 2159 1547 vernein Ich, Dann sanctus Paulus, der ouch den
591 1563 2177 1672 glouwen, fa ein volkommen gehapt hat, hat sin
595 1621 2165 1756 hopt In Centhoeis besthoren, wann Er hatt ein ge¬
595 1705 2169 1856 lubd gehopt, Sagt der text, Actorum perviijo Ist
585 1782 2042 1964 aue zwijfel, nitt wider gott gesin, Een
567 1889 2069 2059 Opruch. 1a. Echimothei. v.o lase ich bij minem
589 2009 1195 2136 fürguben blibenn,
1111 2081 1995 2257 Meister Vlrich zwingli
1635 2230 1719 2374 t
624 2288 2192 2451 Sir haben gestern gnug anzeigt, das die gelijb¬
583 2423 2110 2566 een des alten testaments, So di den merern teil,
591 2492 2177 2656 vsserliche gaben sind gewasen, vnd deshalb mitt
589 2586 2192 2767 andren optren verschinen, Als ad febreos. viiije.
583 2666 2175 2834 erfunden wirdt, Der Nazareer halb Ist ouch
583 2738 2230 2945 gehort, das Oi em vorbild Christi gewasen sind
