2479 3508
382 1371 488 1565 3
1143 132 1785 324 Die vi. Schlusbredi
629 277 2194 414 Ochrift zoigt an, Cas Christus Ist ein einiger
614 403 2250 499 mittler, vnd lext vns fur ein andren, Ja vil mer mitt
623 467 2167 614 ein anderen zubitten, Aber die Paligen antzuruffen,
608 561 2269 699 da Ist noch dehem Schrift fürbracht, Das Er vsz. dem
616 663 2278 802 Daniel anzürft, die not gar uijt zu der Pacht Dann es
629 749 2271 876 von den lebendigen geredt ist, die van dem Tirannen
614 847 2201 979 genotigt get wurden, Man muss. war namen, wie das
627 928 2233 1032 wortt Dauctus, heilig, fu der Othrift, allen chri¬
642 1007 2256 1156 sten zugelegt wirdt, Als Dich erfindt, bij der Epistel¬
631 1109 2156 1252 des heiligen Pauli, In der j. ad Corni. am. i. fo
638 1205 1390 1341 der ij. ad Corni. am i
1192 1316 2137 1480 Erklaring Ooctorn Johannis
1250 1365 2316 1570 Necolampadij, des orts. Canietij iiii
614 1512 2250 1704 So man wer die schrift gruntlich ersucht, So hat
642 1648 2273 1787 es den verstand, Giss Ist In verschaffung der wich¬
627 1725 2337 1883 Jorn gesprochen, vnd En gespraech der heiligen erfragt
603 1828 2301 1949 Hie Ist offenbar, das doch schein meldnug des gebits
623 1915 2246 2066 geschijchen Ist, vnd dienst disz regiment Inen hoe:
642 2007 2167 2132 har. In grund nicht, dann der Prophet wil allein
644 2088 2216 2239 sagen, das das vrteil thon, vber den krug Wabu¬
648 2190 1427 2335 thoden o soo ergangen 5je,
1220 2286 1832 2486 Johannes bijchstab
650 2382 2273 2651 Das Christus unser einiger mittler Ist, vnd vns
633 2576 2252 2725 lebendigen leet fur enianven zubitten, Ist Pom¬
631 2661 2250 2821 lichs den toeten niet abgeschlagen, Diewil Ir ouch,
629 2740 2284 2936 De hem heittere Othroft darumb haben, Der Spruch
