2479 3508
666 254 2319 471 derselbigen hatt de vier all weg, Im alleen vnnd Nuwen
689 406 2348 571 thestament / so er verheissen hatt, oder beuolchenn
710 490 1809 643 Das exstattuer so sy haben gelutet
1858 505 2211 683 „ ees
674 579 2283 740 Namlich hatt er gereet, en wort vnnd ist alles
659 672 2321 846 gemacht worden, Im popij psalmen. Derglichen
662 774 2331 928 auch genesis, am xviij cap: by der vnfruchtbarer
679 877 2340 1034 Sara, bracht die verheissung mit, dem verbrenssgrei¬
674 968 2281 1112 ijsach, Dann bij pott nutzit sthavers ist, ouch
683 1051 2331 1209 Esaw am by cap: Min wert, so uschat von minen
657 1154 2331 1306 mund Das wirt int zu nur leer komen, sonders
645 1243 2340 1397 wirt thun vnnd erstattnen. Darzu ich es hab
645 1368 2308 1511 vellen Darzu ich es hab vsgesandt dan der¬
666 1458 2293 1596 gleichen ouch dem Saul bevelchen ward, die
719 1541 2336 1699 melechter zu ertödten, lutt der vertheissung
638 1653 2287 1805 ward der sig Im erstattnet/ Onder Inzug
689 1752 2317 1921 das der geist, abbes In vns musse wurcken ver¬
659 1852 2289 2012 neinen wir nitt wir glauben aber das bij den
676 1945 2338 2103 worten, die mitwurceenden, krafft, des gests zuge¬
666 2031 2350 2215 fugt sich gunst over die vßwendig stim oder wort
672 2164 1190 2306 wenig mutsbar
1404 2148 2293 2304 Von der Zouberij las ich
672 2238 2338 2418 Den Juris In smer wijnde, blyven, Ooltend die
653 2331 2302 2501 wort das int mittbringen, so sy luten ende So
681 2429 2308 2589 hattend die opostell vnnd predixer ende ant¬
651 2543 2342 2699 Cvurten wir der her hatt sine Apostell vf gesandt
706 2619 2353 2807 vnnd hat gesagt, hand vnd predigent, Das Erange¬
666 2729 2329 2889 linne allen Greaturen, Der Da gloubt z. dan
670 2822 2293 2995 Je Das Crawelium ist ein krafft, potes zu heill
