2479 3508
775 378 2199 585 Darumb hatt es die gestallt, Ein jeder Christ
822 515 2316 675 musz fur sich selbes mit paulo cnussen wam
822 600 2237 747 Het plenet hette. So aber ein Christ mer
818 707 2293 843 gents hat dan der annder, so mag der hocher
816 786 2293 905 behabt mit smein vrthell Dem minder begaboten
805 884 2310 1033 dienen, zu komen Inn erkantnus der warhat
811 965 2318 1129 vnnd wurde sich aber Doch die sach aller christen
796 1067 2291 1234 vff Disvin Jamerthall Da vnser bekantnus
822 1163 2273 1332 stuckwerck ist? prima Chorinthiorum ijij cap
807 1249 2288 1417 Das se Im heuptstuck des glaubens Namlch
792 1345 2242 1511 das der allmechtig durch Jesum Christum
815 1441 2273 1601 Iren gnedigen vatter sin will, sij ewigklich from
811 1529 2278 1708 vnd salien machen, int gepen, Danneben aber
822 1625 2289 1791 werden so Inn Vilen sincken, ouch exteren Da
815 1723 2237 1891 pöttlichen gsthafft on rechten verstand sin
822 1823 2235 1992 mogen, wil ist dann, acht Das ouch
2000 1874 2273 1983 hochgelarter
1625 1909 1780 1988 doch
796 1928 2282 2032 min her Doctor, Der oncen een haer geleter
816 2019 2246 2192 Der 9 schrifft berumpt ist, sich int berimpt
800 2113 2254 2256 Das er aller uirter der Biblen naturlichen
1996 2205 2242 2344 Noch
822 2222 1802 2378 rechten verstand erlanget hab
807 2286 2265 2457 Dennost wo er glonet, Das Christus Ihesus
828 2400 2267 2558 sin einiger Holland were, hette er nach dem
822 2481 2261 2653 wort Des herren Das ewig leben, vnnd
811 2577 2248 2739 wurden Im sine vnnd Jathumb mit den
828 2673 2214 2826 er sampt aundern Christen behafft, were
833 2760 2299 2946 endtlich undt schaden, gun Vhommen viii cap:
