2479 3508
2014 130 2129 234 289
1163 134 1792 335 Die vii. Chlussredi
1148 287 1755 462 Johannes bijchstab,
579 473 2190 594 Ses glaubens halb, lass schs bliken, wie vormals ouch In
571 575 2121 711 der dritten Schlusred, daruon gesagt tst, Die vor¬
575 629 2171 807 drigen Opruch, von mir Ingefurt, zu bestaten, find
579 776 2194 889 Ich bij dem Propheten f saij4. xxxxiij. capite, Octim:
577 826 2114 956 dum septuaginta Interpretes, Cpricht Er allso,
594 914 2219 1050 Ou solt dir nitt forchten, wann Ich hab dich erlost,
575 1008 2219 1154 Ich hab dich beruft mitt dinem nemen, du bist min,
586 1090 2175 1221 vnd go du durch das wasser wurdest gan, so bin Ich
583 1184 2156 1336 bij dir, vnd die wasser werden dich nitt bedekenn,
592 1267 2175 1416 Und so du durch das für wijrdest gan, So wurdest
579 1368 2259 1508 du nitt verbrant, die hij wirdt dich nitt verbrennen,
586 1443 2238 1623 Dann Ich der herr, die heiliger gott ffrachel, die
592 1533 2089 1715 Theilig macher, in Cassglichen: xxxvijo. f saije
586 1619 2141 1807 Opricht Er von den haldeern also, die glut des
583 1719 2129 1884 furs, du wurdest vber Si Pitzen, die werden dir zu
592 1788 2221 1955 einer helft gun, Nun Ist weder das Jrdisch für, noch
581 1903 2123 2045 das hellisten, dadurch der mentsth. gereinigt moge
583 1987 1667 2152 werden, dann allein das fagfur,
1113 2121 1964 2313 Meister Vlrich zwingli
1522 2256 1617 2384 4
644 2265 2077 2484 Liss Ist alles verandtwurt, man weist wol,
529 2436 1968 2616 was für und wasser, an denen Orten heist,
1142 2570 1780 2763 Johannes buchstab,
575 2748 2156 2965 Dise schrift zubestaten, mitt einem Oprusch vs
