2479 3508
243 599 463 787 4p
649 226 2295 450 oder aber er hette mitt gelitten. Der verheissung hals
639 400 2305 536 erkennen sy, Das die allem das Enangelium haben
639 482 2288 643 angenomen, Die da von get zum ewigen laben berufft
653 567 2291 701 siemd In welchen worten, sy Inen selbst antworte
660 655 2297 817 dan nitt allein, Die die gloukig wurden, nach Jrem pr
634 745 2247 913 digen Ir wortt gehort hatten, sonders ouch die
639 854 2274 1003 Jonglouwgen. Wenn min das vsvelich wordt
624 936 2265 1110 Das mitt Imbrechte Das es verheijt, so breche
645 1041 2219 1189 Ses Is ouch Denen Das heill die es nitt
626 1099 2293 1265 annemen, alls gnugsam ist, durch Ecolampaem
586 1225 2265 1407 o erzogt, Daer denselben, glick aels woll mit den
636 1344 2309 1459 Vsserm vortt ysvitt wirtt welcher vertruw
636 1422 2263 1549 Aeff den lebendigen Sun pottes Christum Jesum
641 1524 2265 1688 Der wirtt hellig alls onch die gleubigen Das
647 1623 2261 1786 sy aber Dabij bekennen, Das den glauben, oder
647 1738 2291 1880 Das wort gottes allein die annemend die van get.
645 1832 2280 1991 berufft sind, Da hebben, sy sich parminen, Das
626 1918 2305 2085 Das vssyr vort sollichs int thut, dan das vsser
626 2020 2305 2188 wortt, Das ist je mit pott, sonder allem ein vsser
653 2121 2286 2274 lich wortt vande ein beduring oder offnung des
653 2205 2286 2366 gotlichen willens, die harin gezognen schrifften
647 2309 2257 2479 lass ich vmb kurtje vngraffert, dan sy vns
651 2412 2282 2580 vnd mitt Inen dienen Das zum Pomern statt
639 2471 2301 2663 Das Enanpelmin ist die krafft gottes, eine Jeder
647 2598 2299 2770 geenbenden zum heil Auch Das Esaijes, am luijs
641 2684 2295 2885 anzogen, dient vns dan das vsser wert Des
632 2799 2309 2998 Enangelij ist nu die krafft gotes, sonder, das usser
