2479 3508
732 364 2269 609 Christus beschicht, Der kilchen zu sagen, Die
752 525 2259 696 nußhandlung des bruders, der nachbe¬
740 639 2267 800 zugter warminen, sich int bessert, hat vörer
746 724 2298 896 lieb gester klackich gehort vnß den worten
758 830 2255 1007 des herren, seles, Das vns die kilch Des
750 933 2273 1093 orts, von not wegen, beduten muß, ein Jede
774 1041 2287 1232 Christenliche versamlinge, hie oder ander schwe¬
776 1160 2257 1313 deren dan angebracht werden moge der
786 1258 2237 1439 so sins bruder, es sie doch, mit volschen ler
776 1371 2231 1530 oder sunst bosen wercken verletzet. Des
750 1477 2237 1634 wellend die wort des herren selbst noch
762 1574 2199 1759 einmall horen, sy sind wert, des ewigen
756 1688 2217 1865 lebends van verzichung der wertrettung
738 1791 2334 1974 vnnd verletzung der brudern hat der
758 1892 2249 2082 her geredt vnnd redt wijter hernach, Doch
756 1994 2243 2171 bedenckent min, mit vijß, so viel Ich jegen
744 2105 2241 2261 verlesen will, Sundigot aber din bruder
752 2211 1134 2382 In Dir ende
1449 2225 2203 2380 osse disem text, Ist
774 2292 2334 2499 sonnen klar, das der her Iesus verder vande
752 2424 2269 2597 einer Jegklichen versammlung der glouwigen
766 2519 2290 2706 vnnd wenn Iren schon mir zeven oder die
716 2633 2243 2788 werende, wer leur die warhert wer
720 2734 2237 2933 wijset vnnd furett anderst, van der her
