2479 3508
15 393 128 538 selben sein.
32 519 137 605 est exuis
30 951 139 1077 des
32 1064 139 1183 verklärt
23 1151 139 1280 Dans der
26 1545 128 1698 vic genst
36 1683 130 1784 Wolbrath
28 1859 154 1970 I from
23 1944 156 2072 wis seane
923 120 1613 299 die vierd schlußende
1797 154 2072 303 180 à 200
511 239 2168 423 will nit das in gemeinen siend, der tijffell, Sijs
540 361 2173 523 ist Das Ir nit gemeinsthafft haben In Der
1534 451 2196 613 Das es int heppt
547 461 1391 613 abgothuij Ist aben klar
549 513 2230 731 vss. hebben der thuffell vnnd stat da xoircevoor vande
568 643 2211 797 polget wijter Ir mogend int trincken, den kelch
558 758 2175 916 des hern vnnd den kelck des thijffells wie
547 863 2185 1015 min an dem out der kelch der thuffell int
558 948 2207 1117 bedutet, Das Inn Dem kelck oder tranck die
549 1049 2098 1209 thuffell wesenlich sind, allso ist es auch mitt
519 1151 2132 1312 Dem kelch des hern Daeren darumb nitt
526 1239 2126 1410 wesenlich vnd lijblich Das blut Christi Inhellt,
543 1344 2083 1485 vnd aber eins sagt er Ir mogent int gemein
536 1414 2170 1589 haben, an dem Tisch des hern vnd an dem
547 1523 2170 1705 thusth der thuffelen Dan sicht man vss. Den
536 1675 2087 1801 worten, Das die mit ein theill eben habenn
540 1728 2104 1886 genomen van den thufflen, aber das sy
543 1835 2089 2002 ein gemein schafft haben gehapt Inn Dem
526 1923 2241 2113 dienst der abpötern Das ist der thufflen, allso
540 2036 2153 2162 auch wie Christenn So von deb. hern thusth
549 2136 2211 2307 gespisten werden, bezugen vns die waren diener
540 2226 2111 2410 Christi sin/ der vns vorthin durch sich wes
540 2309 2173 2521 gespicht hatt, vnne allso ist offenbarlich Das
547 2416 2183 2587 Das Cvoxt noircoria hie nit vnsschelling heeft
2126 2540 2243 2602 dant
543 2551 2241 2698 vnd dises ortt pauli, vnsern widersichern gewert
1038 2666 1149 2734 gans
545 2660 2111 2828 vnd bewertt gesch. munt zu stat vnd, bewerett
1743 2751 1880 2841 22
995 2790 1421 2959 Allethamer
1241 2922 1404 3048 129
