2479 3508
18 973 148 1117 N.P.
31 1234 136 1366 Profesorères
23 1425 131 1503 Votre très de plusieurs
25 1606 119 1682 vifel mij
29 1676 146 1772 parlich gunst
25 1758 133 1885 visto iusti
35 1873 125 1967 1 mitt
12 2530 127 2723 soujours de nouveau
228 1692 532 1881 4 Aaa
963 195 1713 349 Die funfte Schlusvredi
949 329 1770 507 Meister Vlrich zwingh
550 489 2173 659 Is glich die Juden noch opfroten, So Ist doch die kooft
544 608 2140 754 des vsseren Opfers, huigenomen, wiewol hiebij ge¬
557 686 2080 797 meinlich, die Juden, durch die gangen welt hin¬
550 768 2119 900 Euch Salbs erkennen, das Oi fr priesterthum, nitt
559 848 2138 969 mer erkennen, So min Ir Priesterthum hin Ist,
532 928 2146 1068 Als ick ouch in der that befindt, So Ist ouch ge¬
563 1023 2152 1156 wusß, das ouch die ordnung des vtopfers, hingenom¬
550 1093 2126 1243 men Ist, ad Hebreos. vii. Oesshalb noch fur vnd
546 1175 2198 1325 für bestat, das Caniel, van dem füdisthen opfer redt,
1275 1275 1360 1370 20
1004 1306 1528 1481 gidius murer,
565 1528 2154 1653 is mag nitt verstanden werden, von dem opfer der fu¬
557 1635 2154 1779 den, dann ob glich dasselbig, nach fo ordnung, hat
569 1719 2113 1840 te vfgehort, So mag darumb nitt volgen, das hie
565 1797 2136 1939 an disem Ort, von demselbigen geredt werde, dann
559 1873 2099 2017 Der Daniel Christ, das es allem werde vfhoren
565 1955 2119 2119 vierdhalb Jar, hiemitt wil Ichs beuolchen haben der
571 2060 1608 2193 Ochrift, vnd dan christlichen laser,
961 2156 1532 2298 Doctor Johannes
980 2261 1438 2364 Ecolampadrie,
571 2352 2198 2520 der Caniel Schribt In zweijerles weg, van ufhorning
557 2469 2163 2604 der Opfer, Ein mal vff vierdhebb har, Als am Si¬
565 2551 2134 2662 benden capittel, solche Ist erfult vnder dem An¬
567 2633 2140 2787 thioche, vor der zitt Christi, zum andern, bij der
573 2713 2134 2855 zitt der zerstorung fernsalem, Solche vfhorning
567 2795 2156 2941 des Opfers die wart kur vnd für, wie Meister
573 2888 1376 3035 Vlrich gesagt hat
2128 207 2276 312 255
