2479 3508
1180 313 2119 510 Ordnung diser disput/
1242 444 2107 569 tation unnd was sich
1254 522 2182 661 mitler zyt zu tragen hatt./
2190 716 2341 815 3
974 671 2067 835 Ist des erstenn zevermercken/ Als
948 804 2347 942 Der gesatzt tag disers gesprechs namlich/
907 887 2353 1020 Montag vj. Januarij anno  n xxxiii/
724 948 2292 1097 Erschinnen: Ist desselben tags die erste beruffung
738 1050 2331 1200 vnnd versamlung Im Barfusser kloster zu Bem
744 1129 2341 1276 da dann diss gesprech inn der kirchen vor menig//
2184 1232 2341 1313 ond
754 1226 2010 1327 klich gehalthen/ nach mittag beschehen/.
746 1296 2309 1432 anfangs menigklich, so dazu gegen gewesen/ mit
2161 1387 2317 1498 vff
740 1361 2125 1524 früntlichem grus brüderlichen empfangen/ Uff
744 1458 2369 1601 sollichs ist obberürt mandat/ offentlich verläsen/. Dem//
744 1532 1980 1686 nach die ordnung diss gesprechs/
2053 1550 2311 1692 Erstlich
744 1625 2311 1738 Der herren presidenten/ befehlch die haben by guten
744 1704 2299 1807 trüwen/ an eyds statt gelobt/ der ordnung die
738 1790 1831 1942 Inen anzeygt wurde/ gehorsam zesin/      K
1885 1815 1978 1940 16
714 1926 2307 2109 Demnach allenn mutwilligen Zanck unnd hader ze//
706 2049 2319 2186 themmen vnd zestillen/ ouch alle üppige geschwätz
712 2141 2301 2297 vnnd was Im wort gotes keinen grund hatt/
673 2210 1210 2357 nit zuzulassenn/,
708 2355 2317 2559 Item die Dinge so einst uff der bahn gewesenn/
712 2484 2220 2647 unnd verantwortet worden/ nit mer one noht
718 2589 2230 2738 eräfferen  noch fürbringen lassen/ mutwillige
712 2674 1575 2786 Verlengerung ze vermiden/
1708 3333 1942 3468 22
