2479 3508
59 16 181 128 4.
299 950 425 1113 1
311 1152 468 1290 15
1085 120 1797 285 Die ander Schlusred
1099 248 1705 407 Martinus buijer
712 376 2320 590 Dise Jurid Ist zum teil wider nachtende Oblussreden
720 507 2332 686 da dann, wider das wdicht opfer eer 11. st, vnd fleisch
726 623 2295 753 lichen Irthum van liblicher gegenwurtikeit Christi
729 704 2306 847 gesagt Ist, So Ist euch In vorganden andtwurten an¬
726 788 2312 928 zorgt, wie witt vie kilch gottes foren moge, Er Ist
720 869 2306 1022 gewesen die zitt der Bluitheit, fez vil far, vss recht:
733 969 2332 1101 ter ordnung gottes, Darmus hat aber gott, die ouien
720 1050 2320 1184 entlich nitt verlassen, Dann nitt moglich gewasenn,
716 1136 2302 1243 das die fewelten In Jethums belieben, Nathei am¬
726 1227 2344 1372 xxiiij. Darrij So haben oft, Ettliche glieder der klech¬
716 1306 2259 1451 en nitt gewust, das doch ander wol gewuft haben
745 1392 2312 1536 vnd Ist also die warheit bij der kilchen allwag blibenn,
726 1477 2324 1608 aber nitt gleicher mass by allen glidern der kilchen,
741 1567 2312 1701 vnd hitt vijch, das Ir vff der ban bliben, vnd vff das
722 1665 2316 1827 vmbsthweiften, bezug Ich mich, nitt mer zuandt:
726 1775 1058 1899 pourtant
1154 1827 1805 2004 Johannes buchstab,
745 1976 2306 2184 Der Marti buijer, Ich sag also, Die kilch ditt gott
696 2108 2263 2273 vnd giner widigen muter, vil wort zu, die In
714 2208 2261 2365 Biblischen Chriften nitt vergriffen vind, gl. oub
714 2326 2344 2448 danocht, vnser gegenparthij verwurfte dieselben nitt
708 2399 2338 2544 Als Pater Jngenitus, patri coequalis, Opivitus Canc:
700 2468 2334 2623 tus is vtroque procedens, Brata virgo Maria dei ge¬
720 2546 2289 2717 intrix, Intelligendo de verginitate Ipsius, Des:
700 2646 2328 2808 glicken fijct man den Omintag, ouch ander Apostel
716 2741 2318 2904 vnd heiligen tag, Echt danocht die wille mij daruon¬
