2479 3508
174 618 385 742 Gustag
300 1602 463 1819 21
502 1602 625 1736 56
1084 128 1842 321 Die funfte Schlusswede
1039 287 1719 480 Theobaldus hüter,
604 474 2225 663 Ich beij min Cach, wie Ich geredt heb, verhoffen,
589 559 1060 708 damitt mijgit.
1105 589 1528 729 verhout haben
1621 627 2270 754 An xxj tag
1779 680 2048 790 Januari
1067 695 2089 882 Meister Johannes mauwberger,
1498 842 1604 956 25
597 876 2272 1071 In nomine Domini Amen, hochgelerten erwurdigen
635 1009 2263 1162 herren, Diewil dise materij, antraffende die wass,
635 1101 2282 1245 Ob ende ein opfer zijn oder nitt, wiewol zum teil, gruijg¬
644 1192 2182 1349 sam daruon disputiert ware, So begegnet mir ein
638 1281 2225 1428 Opruch tauli, sij ^ minem beduijcken, dienend vff
635 1373 2227 1530 dis-materij, welchen Opruck Paulus Othribt Oder
627 1449 2329 1609 Hebreos. v. lut also, Ein jetlicher Wisthof oder hoch¬
652 1545 2229 1717 ex priester 1 vss. den mentsthen vfgenomen, wirdt
638 1630 2278 1789 den mentschen gegen gott fürgesegt darumb das
640 1723 2197 1891 Er optre, gaben vnd opfer für die vnnd, welche
633 1817 2238 1974 Ochrift ouch, durch vorlouffende histori des alten te
635 1900 2316 2066 staments, angezoigt wirdt, Namlich Mmeri xvj
638 1991 2257 2142 Stat also, woon was Aan, zwusthen den labendi:
631 2082 2270 2276 gen, vnd den todten, und het gebatten, und die plag
642 2189 2286 2357 het vfgehort, In welichen beiden Historien Pauli
642 2280 2195 2427 vnd Mumeri, wil bedutot haben vnd bewart,
640 2378 1566 2535 das die Mass ein opfer sije,
973 2520 1715 2697 Verchtoldus haller
606 2705 2142 2911 L'aulus zu den Rebreern am. v. verglichet das
