2479 3508
1105 142 1797 283 Die ander Schlußred
655 267 2284 450 De von gott gelert omd, Vss. welichem volgtot
702 372 2310 524 min der ander Vrtickl, Eer lietet also, Die kilch
702 472 2296 604 Christi, machot nitt gesicht noch gebott, me gottien
711 546 2337 706 wort, Ool man erstlich verstan, In denen dingen, die
719 628 2325 803 vnser Oel Salikeit antraffend, Cum uuren¬
717 717 2313 887 Rien wir ouch hie nitt van Statt Tagungenn,
686 805 2310 969 Landsrechten, oder verordnungen, die lib und gut¬
704 904 2274 1070 intraffend, wo voliche nitt wider gott sind
813 994 2323 1162 zum dritten, wir reden hie van Oatzungom
715 1070 2339 1206 Die uns eroffnen den gottlichen willen, vnd die
702 1203 2306 1349 götlich geuettenn, Ons de hein bloss naturlicher
711 1282 2339 1425 mensch mag erkennen, 1. ad Corin. ij. Dunder
702 1353 2335 1497 Fins Solichen gedancken, sind als verr von den
684 1431 2331 1620 gedancken gottes, als hunel vnd foden, versaije
704 1534 2313 1653 Eve. Carumse der Einig Cum, der da Ist In der
704 1618 2337 1781 Ithoss des vatters, fohannis. 1. hat allein vns, den
709 1707 2296 1861 mussen offenbaren, welichem die Stim vsz. der
709 1803 2327 1945 wolcken, zügnis gaben hat, Mathei. xvije. E
700 1875 2352 2050 Ist min geliebter Enn, In welichem Ich ein wol¬
717 1986 2337 2140 gevallen hab, Een Collen Ir horenn, welicher
715 2054 2313 2200 Einiger Dun, den Onien het verbotten, das Oi
698 2152 2341 2308 Sich nitt sollen lissen meister namen vff ertrich
717 2228 2354 2401 Ouch keinen andren meister bekennen, dann Junij
704 2325 2304 2514 allein, Mathei xxiije. Er hat ouch den Onien
704 2411 2290 2565 beuolchen, das Oi mit anders Oollen predigen
702 2518 2347 2662 vnd leren, dann das Er Inen gebotten het, Mathe
698 2606 2319 2746 vltimo, Harumb So halten wir, In nichten¬
709 2695 2310 2830 dem teil die andren Artickels, Das aller men¬
731 2779 2356 2943 sthen bazungen, So man nent der kilchen gebott
