2479 3508
15 519 147 615 mainte
26 615 144 731 hier ver
18 781 142 900 Denton
15 878 149 1005 ten fur
42 983 136 1083 sy zijn
26 1070 151 1202 amnder
26 1482 140 1558 vnt mij
22 1674 125 1762 Wir
20 1755 160 1841 2 Cvix 1641
26 1830 153 1970 messing
24 1933 151 2084 in vi cap
18 2060 138 2141 irce with
37 2445 127 2548 mith
48 2541 153 2633 excevoir
26 2607 166 2738 spercesss
18 2710 171 2821 der Julch
26 2797 147 2946 uijs
1786 173 2086 291 190
886 149 1642 339 Die vierd schlußers d
468 282 2147 447 wir bisß vff sin zijt vnverantwurt lassenn, beliben, Dann
488 392 2127 530 sollte Inn oosthollung des lyes Christi, vnns trost int ec¬
486 475 2125 613 wachssen, oder zukomen, Was trost hetten wir dan
482 532 2165 698 Inn dem Sacramentlichen brott (wie sy es nemen) Das
477 619 2235 797 annder aber so angezogen wirt vmb kurtze willen bruelchen
464 727 1534 867 wir Dem Christenbergen läser
1009 834 1429 1011 Winglij
571 983 2182 1180 Die angezoigten wort, welcher fur vch geben wirt
545 1118 2136 1269 vnnd welches fur vich vergossen wirt, bewärennd
492 1195 2141 1348 gentzeich allso, mitt das hie verheissen werde, Dem¬
484 1287 2106 1447 bluchen, essen vertrostung oder vermannen das sij
486 1377 2138 1545 ouch darwider sind, dann sp zougend an, das der lich¬
468 1475 2077 1646 nam Christi vnnd sin bont fur vnser sijnde Inn
486 1554 2125 1729 toe peben verdint, Nun nimpt sin toe niemand die
484 1659 2110 1821 sund ab Den so Inn Ine vertrouwt swixtt, Nun ist
440 1766 2114 1920 overtrouwen ein gestalch wurckung Die ouch allein
492 1860 2143 2016 von dem geist kumpt, Deßhalb sij aber hie principium
479 1944 2145 2117 petunt Das er aber seit se verstandints allso. Das
486 2044 2165 2187 mag vnns nitt trostenn, Das das wir Inen fingeben
475 2138 2206 2300 Das der gloub allso versichte Das man keiner anndern
471 2233 2114 2392 heblichen versichrung nachfrage, Das zoigen wir
479 2311 2160 2473 Inen mitt schrifft an Das aber Das lyblich
468 2388 2202 2576 essen. Die Seell wöste, zouden und sy mit Irem verstand
462 2506 2202 2668 an (das wort, Das flasten ist int mitz) habenn
1401 2607 1569 2668 emer
462 2602 2180 2775 wir int allein Inzogen zu „Inleittung sonder zu
479 2694 2176 2856 einer bewernus, Das Demnach gevadt ist, sollte In
466 2797 2219 2985 Oosthaltung des lichnams Christi, in't vertrostenus
2219 1160 2324 1298 rede
2224 1291 2305 1399 lijst
