2479 3508
174 1723 310 1899 19
1992 194 2156 306 116.
867 161 1556 348 Die ander Thlusfred
854 323 1440 499 Martinus buijer
1190 443 1301 571 71
492 513 2052 685 Lieben fründ, Das de angezogen, zoigt min an ein
532 612 2164 770 wort kampf, Dann So wir haben In der Schrift,
540 701 2203 852 das vnser herr Jesus christus, der Eingeboren Isti 24
538 786 2180 947 Co findt Ouch Je clar darus, das der vatter vngeboren
550 881 2154 1036 Ist, Item Co Christus anzoigt, das der vatter, den
544 960 2149 1105 heiligen geist Sande, Item das Er fun von dem
544 1036 2137 1179 vatter bande, fohannis. xvo. Co Ist fe clav, dis
538 1121 2046 1270 der heilig geist, vom vatter vnd van vs. gat,
546 1187 2162 1359 Item 60 der her Opricht, Ich vnd der vatter und
538 1291 2158 1463 in Dingt, Co Ist vber gnug anhoutt, das der vat¬
544 1372 2185 1529 ter vnd der Onn glich vuw, Oessglichen Oo wir
536 1454 2147 1605 Mathei. xo. haben, das Maria ein muter des her¬
550 1547 2176 1713 ren Jesu 8ije, vnd dabij ein funckfrow, haben wir
530 1634 2079 1779 Je nitt witter daruon zeforsthen, Trift ouch
546 1723 2098 1891 vnser heil nitt an, wie wol es aue Zwifel Ist,
552 1810 2129 1972 bij allen, So die wurde der Mutter des herren er¬
552 1903 2164 2015 achten, Oi Oye fur und fur em Junckfrow bliben,
546 1996 2108 2129 Des Ountags halb, hat es die meinung, das die
550 2075 2094 2230 fijrung desselben, fur Cith Oelber den Christen
552 2164 2083 2325 nitt gebotten, wer so die liebe, so tatigs zu
546 2236 2131 2391 vfeuwung der gemein betrachtet, Alles was zu:
556 2321 2118 2485 ordnen het, 60 varri dienstlich bin mag, So hat
544 2427 2180 2584 die gloutig gemeind, vss frijer verwilligung an¬
538 2499 2193 2650 genomen, zu der wochen ein tag zufijren, von lib:
556 2580 2110 2737 lichen warcken, damitt Oich die gantz gemeind
530 2675 2060 2818 zu hornug des wort gottes, missigen mochte,
544 2756 2108 2915 wie dann gott der herr ouch Im gebott des Rabets
