2479 3508
794 257 2232 437 selbs von ons ersucht werden, allß Das leben hafftig
768 399 2240 505 brott, das vns krefftigklich spist, so wir erkennen
760 485 2252 620 wie er sin lijs fur vnns Inn tod gebenn, hatt van
778 561 2270 690 sacramentlichen brott, stett vth noch zu bewarenn, mit
772 636 2296 788 pottlicher ystchrifft, Ir cvussene woll, das wir Jetz,
766 720 2226 902 nue niet von wegen, der lerer versambt sind ende
1341 828 1718 992 Buchstab
856 878 2246 1105 Die Ooxtt Johannis vi cap: Dis anzagent
806 1051 2350 1197 Das kunfftig die wortt Christi Luce am xxii capi
724 1139 2308 1285 die anzoigen die gegenwirtig geschicht, die wort pauen
760 1225 2310 1381 In der 1 Eprst: zum Chornichern, am ii Jap: Zeigend
766 1327 2328 1480 gnugsam an Die vergangen geschicht, Om ist das
762 1418 2318 1558 kunfftig, Das gegen wijrtig vnnd das vergangen wie
748 1506 2284 1654 hernach wyter anzeigt wirt, ein andern geichförmig
754 1602 2308 1734 Darumb es sonderer plos nitt mer bedarff, Das er
748 1692 2310 1831 aber spricht min her Doctor, das ick hab har Inge
750 1780 2352 1933 furt die Doctores hab ich dhein spruch vff Inen harje
748 1881 994 2003 pfunt
1193 1875 2332 2011 Alss aber her bucces In vergangnen tagen
744 1961 2338 2107 hatt har In gefurt, Enswinn vnnd Augustinne Dabe
742 2067 2356 2216 lass ichs bliben Jetzmall wer, Das Johannus aen vyren
1375 2159 1863 2298 Ecolampandius
762 2228 2330 2412 Is hatt der Schulmeister vunder anndern mel
760 2382 2274 2538 dung thun, ertlicher falstchen glosen, so von vns ge¬
760 2474 2272 2604 schechen, sind wir wartenn, wie er die mitt der
750 2556 2280 2719 ende schrifft vmbstossen Sin amider ree sind eurch meister
750 2659 1285 2787 Vlrich abgeleuwt
1239 2759 1646 2953 Zuch stav.
1622 2887 1714 2985 29
