2479 3508
519 257 693 434 k
269 445 554 645 lij
1250 120 1934 321 Die vii. Thlussere,
1274 267 1907 401 Vorchtoldus hatter,
885 269 991 401 3.
668 437 2317 619 Is Ist gnugsam erklert, ende anfang diser Schlusz:
679 561 2290 695 ved, das welcher glaubt in Christum Jesum, wer¬
660 645 2321 792 de nitt komen In das gericht, Qunder vom to d zum
687 724 2220 879 laben hindurch tringen, Johannis vo. Bij den
676 813 2127 966 klaren worten Pauli, lassen wir es blibenn,
1256 974 1938 1132 Johannes bijchstab,
672 1138 2284 1388 Die Ich dis vormals verandtwurt hab, dabij blib Ich
674 1312 1583 1454 vnd beuilch es der Ihrift,
1256 1452 1895 1632 Verchtoldus halder,
633 1620 1574 1835 So referieren wir vns ed acta,
