2479 3508
445 2726 676 2915 Renna
717 300 2246 512 aller apostlen, dem herren, geantwurctet, vnd also
735 447 2225 574 die verheissung der Scheijsselen In Irer aller
751 541 2211 710 namen empfangen, Johannes Exjca: Hat Ine
727 645 2244 817 Christus suis ampts ermant, die schaffly zu¬
1200 757 2264 915 das aber van binden vnd entbinden
719 762 943 915 vaden
694 851 2266 1029 Njathei xviii cap: geschriben stat, Ist des tages
727 962 2289 1139 gungsam erklärt, Das es der klechen geseett sy ende
996 1060 1768 1196 Ber: hat doruff een text
1145 1149 1401 1290 gelesen
1307 1292 1633 1499 onniger
843 1562 2260 1789 Ich mein diser wyt moge die vslegung
808 1715 2270 1852 mit erleden darinne das Christus sy all ge¬
706 1815 2213 1966 fragt hagt, vnnd petrus allein fur sp all geant¬
1621 1909 1725 1970 aller
713 1915 2246 2070 wort Das darumb er gul. „ die selven soll hem
719 1995 2207 2166 geben, Dan wen Das die meijnung Christi
727 2095 2201 2256 overs psin, so hette er woll gesprochen, Ich
723 2170 2219 2368 gis vch die schlussell allen, wie petrus fur
1401 2281 2279 2442 Der telt ist aber offenbar
727 2307 1329 2423 all geantwurt hat
1352 2407 1458 2466 fraw
719 2395 2266 2554 Das er nach aller ned het gesprochen zu petro¬
737 2477 2272 2660 Ich wirt Dir geben die stelussche vum ist dir
719 2558 2252 2740 ze geben, vnd allen Zegeben vnglich, der text ist
719 2687 2264 2842 heitter vnd klar wen man mir bringt
739 2777 2221 2932 nach miner g. herren von Berim Agandat
