2479 3508
0 865 101 1064 I have
1939 151 2101 237 232
1096 128 1677 288 die uij sluschre
531 191 2212 418 gelitten hatt, So mussen wir Ine ouch empfindt¬
525 348 2193 514 lich essen, Dann ex hatt ein pfindtlich yelitten
516 464 1496 628 Welches essen aber int ist
1045 527 1922 735 Pfarrer v. Openzell
541 672 2105 869 Dass er Inen, sin wesenlichen lijb blutt
552 789 2164 963 Johane fleisten vnder der gestaelt des brotts
552 865 2223 1033 vnd winne zu essen hebben hab, findt man Dar¬
2057 972 2223 1096 was
531 980 1822 1142 gethan In miner Ingeleiten verschrifft
516 1083 2143 1209 Opllen wir suchen ordnung der natur, an
523 1154 2197 1331 dem der Da vernaturlich geporen ist Als
544 1247 2101 1429 denster plaub klarlich anzoigt geporen vss.
558 1339 2176 1509 Der Jungk frouwen Maria ende vnd lasses also
510 1473 1496 1627 by Ingelegter Copij beliben
1075 1564 1845 1738 Waltherus Clarer
642 1666 2185 1859 ende lijt nit an vörer gsthrifft, Ir hand ver¬
615 1797 2181 1969 Sechen, Das wir den getodtmen, oder gekout
1341 1908 2076 2032 Mun hat er
537 1897 1312 2050 goten lichnam essen
531 1990 2141 2164 empfindtlich gelitten, so mussen wir Jan
525 2101 1484 2277 ouck empfindtlick essen
1072 2212 1805 2378 Pfarrer v. Open:
535 2290 2151 2508 Op ag ick Junij ob dech Christus ein andern
523 2445 2206 2613 lyb hab, dann Inn dem er gelitten gestorben
504 2552 2097 2693 oder Zehimel gefarn sie oder ob er mer
510 2636 1337 2806 Dan einen lijb hab
1014 2747 1828 2968 Valltherus Clarer
