2479 3508
787 299 2298 539 zu vijver vnderruchtung vnnd der emfalen
787 504 998 653 genn.
1258 535 1731 719 Pfarrer
891 797 2282 942 Als dan Her Berchsold In gefurt hatt
852 903 2259 1078 wie die zwolffpoten, int stond liechter
1100 994 1276 1063 "wesenlich
768 1004 2237 1123 der weelt,, hort es des mits dörffenn
805 1116 2290 1252 Im ist niemands darwider is in Das etc.
805 1202 2249 1348 aber darneben Ingefunt hatt, wie dan
801 1297 2288 1457 her Berchtold sagt, Christus sy allein Das
690 1403 2260 1561 o'wessulich houpt, vnd die zwoeffpoten
805 1493 2321 1645 int, glaubt gederman. Wer das verempel
750 1592 2294 1758 vnd Bispill so meister Vlrich zwinglen geredt
770 1688 2278 1852 von dem liecht mur gegeben, von der Sonn
785 1794 2270 1967 durch das pfenster, erkenn ick eigentlich
774 1901 2243 2075 voll Das an alles mittell Das
807 1997 2272 2178 das war lecht ist, vnnd der anfangedes
805 2130 1125 2276 luchts
1381 2118 2221 2270 Aber der schin der
824 2204 2264 2380 durch tringt das venster, Hoff ich er
2036 2311 2251 2429 Als
795 2315 1956 2479 lass murs ouch ein biecht sin
799 2397 2290 2579 noch zu Infuring muer beschluß reden, ecken
805 2487 2307 2671 sich ouch pot den herren Jesum Christum
811 2616 2278 2776 min behallter vnnd alter wellt, een houpt
805 2690 1010 2845 Zesin
1399 2696 2292 2870 wer Das int sy ein ver¬
797 2782 2262 2978 orduet houpt nachgelassen, van sinem got
