2479 3508
220 393 347 603 4
967 189 1548 370 die erst schlusned
541 374 2068 532 testaments nit gewallt gehept, nach wem zwillenn zu
553 474 2074 630 eunt scheidenn, vonnders zu leren nach dem gesaz
541 545 2076 703 yottes Darmus bringent andre ysthrifft, dan
557 651 1739 801 die, vnser schlußende vffrecht lat stau
1225 782 1520 1015 Senyer
636 982 2155 1190 Alss nun her predicant spricht, ick hab geweest,
574 1125 2132 1283 so ick Christum, hab genempt, ein Inselibst houpt
597 1208 2040 1362 Der kirchen Dann Christus sich gsn vor der
564 1290 2144 1423 kilchen, red ick darzu Das nach der gotheijt
562 1383 2095 1550 ist Christus wencklich isin, aber nach der
562 1498 2080 1652 monstheit hatt er vns erloszt mit smem pietern
555 1575 2188 1753 liden vnd sterben, vnnd hatt ons allso salig gemacht
522 1679 2105 1843 Denn Im Ingelibst, Mein ick wen einelijb ein
547 1780 2149 1949 houpt ingelibet ist. Das heupt sie Im hinwederumb
549 1914 2155 2043 inselibst. Wyter so verstan ick von minem hern
537 1970 2130 2128 predicanten. Das sij een recht houpt genempt in
535 2057 2155 2213 Der kilcken Das vns salen mog machen vnd vnser
535 2153 2092 2325 heiland sy, Das mog' kein prelat sin, noch ken
1269 2253 2140 2407 van her D erchtold Das
532 2259 932 2427 bischoff, ende
522 2346 2151 2521 bibringt mit hatter verstchafft, Das sunst uit mog
522 2446 2086 2637 een houpt genampt werden, der kilchen muß ick
1192 2554 2128 2714 ber der theillig paulus hun¬
524 2585 919 2714 exCvaxven
487 2623 2138 2804 f phesern am v cap: gipt nur ein andern verstand
537 2731 2209 2924 Des houpts / also spreckende die wijber sollen sin vnder¬
