2479 3508
0 374 136 601 le 1er
25 582 132 668 ein
15 668 146 772 der Ew.
23 762 146 906 ckeit
8 873 138 992 al ich by
23 1063 125 1179 bey Im¬
46 1152 138 1290 Sijnach
8 1278 129 1428 welche
17 1392 140 1505 l min de
21 1472 125 1605 evend
21 1789 117 1956 die Eine
27 1937 121 2014 wegens
33 2209 117 2361 gleich
25 2323 115 2453 lich
223 2659 399 2818 (10)
1979 190 2094 301 107
983 152 1572 324 Die erst schlußred
557 263 2167 491 wirst sin, sin mund In Denen dingen, Die gott
559 384 2171 578 zu geboren. Disen fijgne wirt erfult In Christo vnd
574 491 2242 637 pero Das ochll ick bewaren vss dem hebbsten, Fuan¬
1572 595 2140 726 da gott der
589 610 1490 764 gelisten Luce am xxii cap:
570 701 2121 864 her hatt gesprochen/ Oijmen, sermen, min
555 760 2169 958 war, Gachauas hatt vijff ernerekt vff Das
574 900 2152 1037 er vch rüterte, wie den wetzen, we¬
566 979 2144 1142 ick han fur Dich pettenn, Das ein gloub mitt
1824 1027 2165 1194 Hie hend
574 1088 1806 1202 fall vnnd Du ettwan bekent ende
574 1117 2227 1344 hier offenbarlichen wis hoyses ein obrester verstin
584 1252 2209 1428 Der Smaffs gegen gott Dem allmechtigen, Als
584 1378 2175 1543 onch Christus Das werst houpt ist, Dat
580 1472 2165 1643 Hantzen Christenheit Inn Denen Dingen die da
1649 1543 2184 1710 Namlich da
587 1570 1591 1743 gesen gott overden verhandlot
582 1632 2221 1831 er gesprochen hatt, Er well fur In pitten, Das
597 1758 2227 1943 sin glens nit vffger. Petrus aber wirdt ver¬
584 1870 2167 2035 ylicht vnnd verstanden, Durch den priester
582 1966 2213 2131 Haxenem, dan wie dem wegen empfelen
574 2048 2246 2252 was, Das Jssrahelisten volck Dircwijll Moijtes
582 2167 2167 2336 gien vff den Berg Mynaij mit gott dem
568 2284 1204 2422 allmachtigen gereden
1420 2277 2171 2451 Elso hatt Christus
566 2380 2211 2495 doch empfolen dem heilligen/ Sant perco fur usz.
541 2478 2190 2657 Das er sollte sin ein verwaser, des volcks vnd
572 2588 2232 2743 verbringen, Das ampt pott des hern So er het
570 2685 1779 2887 gesprochen, bestättige Dins bruder
1096 2797 1691 2989 Berchtoldus
