<?xml version="1.0" encoding="UTF-8" standalone="yes"?>
<PcGts xmlns="http://schema.primaresearch.org/PAGE/gts/pagecontent/2013-07-15">
    <Metadata>
        <Creator>prov=READ-COOP:name=TrHtr:version=2.41.0:model_id=51170:date=09_03_2026_17:23</Creator>
        <Created>2026-01-27T10:34:08.621+01:00</Created>
        <LastChange>2026-03-09T17:23:58.679+01:00</LastChange>
        <TranskribusMetadata docId="13922579" pageId="112790226" pageNr="307" status="IN_PROGRESS" userId="537" imgUrl="https://files.transkribus.eu/Get?fileType=view&amp;id=IMRZKPWCQQJADYAWASCRYOQO" imageId="95349320"/>
    </Metadata>
    <Page imageFilename="112790226.jpg" imageWidth="2479" imageHeight="3508">
        <TextRegion orientation="0.0" id="tr_1">
            <Coords points="429,2927 429,3224 674,3224 674,2927"/>
            <TextLine id="tr_1_tl_1" custom="readingOrder {index:1;}">
                <Coords points="519,3054 535,3056 557,3030 572,3036 586,3026 612,3032 621,3020 637,3018 625,2907 600,2909 572,2891 566,2897 555,2887 541,2893 531,2887 515,2907 504,2909"/>
                <Baseline points="525,3006 554,3006 583,3009 612,3014 641,3018"/>
                <TextEquiv>
                    <Unicode>V.</Unicode>
                </TextEquiv>
            </TextLine>
            <TextLine id="tr_1_tl_2" custom="readingOrder {index:2;}">
                <Coords points="417,3216 514,3209 553,3179 592,3183 621,3209 670,3193 670,3079 625,3089 592,3067 570,3079 555,3071 535,3091 523,3085 510,3097 466,3087 417,3103"/>
                <Baseline points="429,3185 456,3173 483,3171 510,3170 537,3170 565,3172 592,3173 619,3175 646,3175 674,3173"/>
                <TextEquiv>
                    <Unicode>86</Unicode>
                </TextEquiv>
            </TextLine>
        </TextRegion>
        <TextRegion orientation="0.0" id="tr_2">
            <Coords points="761,162 761,2939 2349,2939 2349,162"/>
            <TextLine id="tr_2_tl_1" custom="readingOrder {index:1;}">
                <Coords points="1098,261 1368,225 1509,274 1607,253 1646,288 1742,237 1835,249 1829,94 1717,155 1446,163 1356,100 1249,143 1092,98"/>
                <Baseline points="1107,211 1143,211 1180,209 1216,208 1253,210 1290,214 1326,214 1363,218 1399,222 1436,223 1473,224 1509,226 1546,228 1582,229 1619,230 1656,232 1692,232 1729,232 1765,232 1802,234 1839,238"/>
                <TextEquiv>
                    <Unicode>Die ander Ahlustred,</Unicode>
                </TextEquiv>
            </TextLine>
            <TextLine id="tr_2_tl_2" custom="readingOrder {index:2;}">
                <Coords points="768,412 829,429 902,355 1274,404 1737,351 2317,416 2315,278 2240,241 2158,312 1797,255 1580,296 1456,243 1396,288 1041,286 996,243 933,290 766,276"/>
                <Baseline points="779,352 856,350 933,348 1010,346 1087,343 1164,343 1241,343 1319,343 1396,346 1473,348 1550,349 1627,346 1704,347 1781,343 1859,346 1936,351 2013,355 2090,362 2167,373 2244,388 2322,403"/>
                <TextEquiv>
                    <Unicode>sijen, oder begriffen, dasselb wirdt Dich nitt erfinden</Unicode>
                </TextEquiv>
            </TextLine>
            <TextLine id="tr_2_tl_3" custom="readingOrder {index:3;}">
                <Coords points="762,482 1901,441 2321,537 2319,412 1925,357 1503,396 1452,355 1266,406 956,398 902,355 762,416"/>
                <Baseline points="773,441 850,435 927,435 1005,432 1082,435 1160,430 1237,429 1315,429 1392,431 1470,434 1547,436 1624,435 1702,437 1779,435 1857,436 1934,438 2012,446 2089,452 2167,460 2244,473 2322,489"/>
                <TextEquiv>
                    <Unicode>zo doch Christus vnser heiland, Ino den heiligen gris</Unicode>
                </TextEquiv>
            </TextLine>
            <TextLine id="tr_2_tl_4" custom="readingOrder {index:4;}">
                <Coords points="751,543 1801,564 1868,527 2281,600 2281,523 1944,459 1868,504 1809,461 1529,447 751,484"/>
                <Baseline points="761,531 837,531 913,530 989,528 1066,526 1142,525 1218,525 1294,525 1371,525 1447,526 1523,528 1599,528 1676,528 1752,531 1828,529 1904,530 1981,534 2057,540 2133,547 2209,554 2286,570"/>
                <TextEquiv>
                    <Unicode>gaben hat, Das fr Oi Inleite, In alle warheit,</Unicode>
                </TextEquiv>
            </TextLine>
            <TextLine id="tr_2_tl_5" custom="readingOrder {index:5;}">
                <Coords points="770,637 1237,613 1352,676 1446,625 1723,623 1852,682 1936,621 2246,696 2309,670 2307,610 2238,576 2050,551 768,549"/>
                <Baseline points="779,618 855,620 932,618 1009,615 1085,615 1162,615 1239,615 1315,615 1392,619 1469,618 1546,618 1622,618 1699,618 1776,619 1852,618 1929,619 2006,623 2082,626 2159,634 2236,646 2313,656"/>
                <TextEquiv>
                    <Unicode>Carus witter volgt, das die baczung der heiligen</Unicode>
                </TextEquiv>
            </TextLine>
            <TextLine id="tr_2_tl_6" custom="readingOrder {index:6;}">
                <Coords points="764,733 1446,717 1513,760 1886,713 1927,755 2034,717 2095,764 2315,757 2315,672 1936,623 1852,682 1782,635 1201,682 943,623 764,672"/>
                <Baseline points="776,713 853,713 930,709 1007,707 1084,707 1161,704 1238,707 1316,710 1393,708 1470,709 1547,709 1624,707 1701,709 1778,709 1856,707 1933,707 2010,710 2087,714 2164,722 2241,734 2319,749"/>
                <TextEquiv>
                    <Unicode>christenheit, als wenig sollen menschen gebott, oder</Unicode>
                </TextEquiv>
            </TextLine>
            <TextLine id="tr_2_tl_7" custom="readingOrder {index:7;}">
                <Coords points="762,821 927,857 1174,802 2017,800 2323,866 2321,764 2095,764 2036,717 1066,764 960,715 762,762"/>
                <Baseline points="773,809 850,807 928,806 1005,802 1083,797 1161,797 1238,796 1316,794 1393,794 1471,796 1549,795 1626,797 1704,797 1781,797 1859,798 1937,797 2014,800 2092,804 2169,810 2247,818 2325,832"/>
                <TextEquiv>
                    <Unicode>mensthen tant, genant werden, als die wort den</Unicode>
                </TextEquiv>
            </TextLine>
            <TextLine id="tr_2_tl_8" custom="readingOrder {index:8;}">
                <Coords points="762,915 1495,892 1703,939 1752,890 1997,888 2328,937 2328,866 2246,821 2162,853 2009,800 1831,845 1723,798 1574,845 1315,796 1070,857 762,829"/>
                <Baseline points="773,898 850,895 928,895 1006,891 1084,886 1162,886 1240,883 1318,886 1396,886 1474,886 1552,886 1629,886 1707,883 1785,886 1863,886 1941,883 2019,885 2097,886 2175,890 2253,898 2331,907"/>
                <TextEquiv>
                    <Unicode>Propheten, oder der Ruangelisten, onder der zwolfbotten</Unicode>
                </TextEquiv>
            </TextLine>
            <TextLine id="tr_2_tl_9" custom="readingOrder {index:9;}">
                <Coords points="764,1021 1152,976 1229,1031 1294,986 2301,1004 2252,911 2187,956 764,915"/>
                <Baseline points="776,985 852,985 928,981 1005,979 1081,977 1158,974 1234,976 1310,976 1387,975 1463,975 1540,973 1616,975 1692,974 1769,975 1845,973 1922,973 1998,973 2074,973 2151,976 2227,981 2304,988"/>
                <TextEquiv>
                    <Unicode>oder ob man otson, mich recht wit vernamen, die</Unicode>
                </TextEquiv>
            </TextLine>
            <TextLine id="tr_2_tl_10" custom="readingOrder {index:10;}">
                <Coords points="764,1078 1000,1072 1145,1135 1235,1066 1597,1117 1838,1076 1950,1113 2042,1064 2317,1113 2317,1027 2080,986 1897,1033 1727,976 1641,1031 1315,984 1237,1031 1086,1035 1029,986 886,1045 764,1031"/>
                <Baseline points="776,1074 853,1077 930,1071 1007,1068 1085,1068 1162,1065 1239,1065 1317,1065 1394,1065 1471,1065 1549,1067 1626,1068 1703,1065 1780,1063 1858,1062 1935,1062 2012,1063 2090,1066 2167,1068 2244,1076 2322,1089"/>
                <TextEquiv>
                    <Unicode>wort, die gott durch Oi geredt hat, ende doch Oi all</Unicode>
                </TextEquiv>
            </TextLine>
            <TextLine id="tr_2_tl_11" custom="readingOrder {index:11;}">
                <Coords points="764,1180 1192,1207 1709,1154 2013,1209 2154,1160 2321,1205 2321,1137 2242,1078 1691,1135 1305,1068 1143,1137 998,1072 907,1119 766,1096"/>
                <Baseline points="776,1164 853,1164 930,1164 1008,1163 1085,1161 1163,1161 1240,1160 1318,1158 1395,1158 1473,1158 1550,1158 1627,1158 1705,1155 1782,1152 1860,1151 1937,1149 2015,1149 2092,1152 2170,1152 2247,1160 2325,1164"/>
                <TextEquiv>
                    <Unicode>oder Jeder Insunderheit, nitt mer mogen sin, dann</Unicode>
                </TextEquiv>
            </TextLine>
            <TextLine id="tr_2_tl_12" custom="readingOrder {index:12;}">
                <Coords points="768,1266 894,1313 955,1270 1054,1313 1168,1254 1329,1250 1448,1290 1543,1256 1609,1299 1744,1249 1893,1278 1917,1203 1719,1172 1574,1207 1525,1162 1348,1225 1288,1192 1233,1225 770,1184"/>
                <Baseline points="779,1256 836,1258 893,1259 950,1255 1007,1253 1064,1253 1121,1253 1179,1250 1236,1248 1293,1247 1350,1248 1407,1250 1464,1250 1521,1250 1579,1250 1636,1248 1693,1247 1750,1244 1807,1243 1864,1237 1922,1233"/>
                <TextEquiv>
                    <Unicode>die gangh gemein christenheit, 14</Unicode>
                </TextEquiv>
            </TextLine>
            <TextLine id="tr_2_tl_13" custom="readingOrder {index:13;}">
                <Coords points="1102,1435 1166,1407 1217,1435 1337,1399 1419,1403 1462,1435 1548,1405 1631,1456 1699,1403 1737,1417 1737,1276 1593,1294 1517,1348 1456,1323 1278,1358 1221,1325 1102,1348"/>
                <Baseline points="1113,1397 1144,1395 1175,1393 1207,1391 1238,1393 1269,1394 1301,1394 1332,1394 1363,1396 1395,1397 1426,1397 1457,1397 1489,1397 1520,1397 1551,1397 1583,1397 1614,1396 1645,1394 1677,1392 1708,1392 1740,1394"/>
                <TextEquiv>
                    <Unicode>Martinus Buczer,</Unicode>
                </TextEquiv>
            </TextLine>
            <TextLine id="tr_2_tl_14" custom="readingOrder {index:14;}">
                <Coords points="753,1595 2068,1562 2174,1605 2303,1568 2303,1519 2033,1466 1848,1509 1709,1415 1566,1519 1190,1464 1119,1523 947,1529 753,1407"/>
                <Baseline points="764,1570 841,1567 918,1567 995,1565 1072,1563 1149,1561 1226,1561 1304,1561 1381,1564 1458,1564 1535,1564 1612,1564 1689,1561 1766,1561 1844,1559 1921,1557 1998,1555 2075,1558 2152,1555 2229,1555 2307,1558"/>
                <TextEquiv>
                    <Unicode>Dannitt wir die kilch mitt ufhalten, So lage van</Unicode>
                </TextEquiv>
            </TextLine>
            <TextLine id="tr_2_tl_15" custom="readingOrder {index:15;}">
                <Coords points="757,1676 2327,1682 2327,1574 757,1595"/>
                <Baseline points="767,1665 845,1660 923,1657 1001,1656 1079,1653 1158,1653 1236,1651 1314,1650 1392,1653 1470,1653 1549,1653 1627,1653 1705,1653 1783,1656 1861,1653 1940,1650 2018,1648 2096,1650 2174,1650 2252,1650 2331,1656"/>
                <TextEquiv>
                    <Unicode>der Richtvatter, was I m. doch die christenlich kilch</Unicode>
                </TextEquiv>
            </TextLine>
            <TextLine id="tr_2_tl_16" custom="readingOrder {index:16;}">
                <Coords points="764,1758 1535,1744 1697,1829 1809,1758 2330,1778 2287,1664 2181,1697 1901,1658 1803,1713 1748,1660 1660,1703 911,1668 851,1713 764,1672"/>
                <Baseline points="776,1758 853,1755 931,1755 1009,1754 1087,1746 1165,1743 1243,1743 1321,1740 1399,1740 1477,1743 1555,1743 1632,1746 1710,1749 1788,1747 1866,1746 1944,1746 2022,1746 2100,1741 2178,1740 2256,1738 2334,1743"/>
                <TextEquiv>
                    <Unicode>heisse, wir haben vns langost erklaert, das vns die</Unicode>
                </TextEquiv>
            </TextLine>
            <TextLine id="tr_2_tl_17" custom="readingOrder {index:17;}">
                <Coords points="762,1852 1170,1840 1274,1893 1364,1842 1452,1876 1603,1837 1854,1882 1821,1774 1701,1821 1423,1756 1011,1772 976,1805 762,1780"/>
                <Baseline points="773,1836 827,1839 881,1839 935,1839 990,1839 1044,1836 1098,1833 1153,1833 1207,1833 1261,1830 1316,1830 1370,1829 1424,1829 1478,1830 1533,1830 1587,1833 1641,1833 1696,1833 1750,1835 1804,1839 1859,1839"/>
                <TextEquiv>
                    <Unicode>kilch, alle rachtgloubigen ende 1</Unicode>
                </TextEquiv>
            </TextLine>
            <TextLine id="tr_2_tl_18" custom="readingOrder {index:18;}">
                <Coords points="1180,2048 1233,2040 1270,2003 1331,2042 1409,2003 1503,2058 1574,2003 1688,2015 1688,1886 1652,1903 1611,1887 1550,1948 1448,1946 1417,1915 1372,1946 1180,1919"/>
                <Baseline points="1191,1988 1216,1986 1241,1985 1266,1987 1291,1988 1316,1988 1341,1989 1366,1991 1391,1991 1416,1991 1441,1991 1466,1991 1491,1991 1516,1990 1541,1989 1566,1988 1591,1988 1616,1988 1641,1988 1666,1990 1692,1988"/>
                <TextEquiv>
                    <Unicode>Alexius grad</Unicode>
                </TextEquiv>
            </TextLine>
            <TextLine id="tr_2_tl_19" custom="readingOrder {index:19;}">
                <Coords points="757,2254 958,2187 1668,2242 1742,2191 2060,2185 2154,2240 2328,2180 2328,2072 2125,2131 1576,2027 1347,2132 1223,2038 1070,2148 757,2029"/>
                <Baseline points="767,2188 845,2187 923,2186 1002,2187 1080,2185 1158,2184 1237,2182 1315,2183 1393,2185 1472,2187 1550,2189 1628,2188 1707,2191 1785,2186 1863,2184 1942,2182 2020,2179 2098,2179 2177,2176 2255,2172 2334,2167"/>
                <TextEquiv>
                    <Unicode>To het Marti buijer, mich fragt, das Ich Tage, was</Unicode>
                </TextEquiv>
            </TextLine>
            <TextLine id="tr_2_tl_20" custom="readingOrder {index:20;}">
                <Coords points="764,2293 1229,2283 1345,2328 1468,2281 1586,2325 1627,2283 1956,2279 2031,2321 2301,2270 2256,2197 1887,2244 1735,2191 1666,2242 1529,2211 1427,2250 1254,2193 1053,2232 955,2189 764,2246"/>
                <Baseline points="776,2286 852,2281 928,2279 1005,2277 1081,2275 1158,2271 1234,2274 1310,2274 1387,2276 1463,2277 1540,2277 1616,2277 1692,2278 1769,2277 1845,2277 1922,2276 1998,2271 2074,2269 2151,2264 2227,2260 2304,2257"/>
                <TextEquiv>
                    <Unicode>Ich durch die kilchen verstande, meint mir Oije</Unicode>
                </TextEquiv>
            </TextLine>
            <TextLine id="tr_2_tl_21" custom="readingOrder {index:21;}">
                <Coords points="762,2413 857,2377 984,2417 1037,2366 1854,2368 1985,2413 2236,2340 2332,2368 2332,2307 2244,2264 2174,2309 1946,2283 1844,2328 1746,2285 1686,2323 1627,2283 1586,2325 1392,2295 1329,2330 982,2279 762,2344"/>
                <Baseline points="773,2367 851,2369 929,2367 1007,2366 1085,2364 1164,2363 1242,2364 1320,2367 1398,2370 1476,2370 1555,2370 1633,2369 1711,2364 1789,2367 1867,2367 1946,2363 2024,2358 2102,2356 2180,2351 2258,2340 2337,2343"/>
                <TextEquiv>
                    <Unicode>gnugsamtlich vor erklaet, das die widerparthij, die</Unicode>
                </TextEquiv>
            </TextLine>
            <TextLine id="tr_2_tl_22" custom="readingOrder {index:22;}">
                <Coords points="784,2493 1321,2456 1419,2505 1686,2458 1913,2501 1984,2456 2340,2442 2342,2346 2244,2389 2091,2364 2015,2415 1846,2370 1507,2425 1041,2366 980,2419 784,2411"/>
                <Baseline points="794,2454 871,2454 949,2454 1026,2451 1104,2451 1182,2451 1259,2453 1337,2454 1414,2457 1492,2457 1570,2457 1647,2456 1725,2454 1802,2451 1880,2451 1958,2451 2035,2445 2113,2445 2190,2439 2268,2432 2346,2424"/>
                <TextEquiv>
                    <Unicode>rechtgeschaffnen kristen oder glaubigen, fur die tien</Unicode>
                </TextEquiv>
            </TextLine>
            <TextLine id="tr_2_tl_23" custom="readingOrder {index:23;}">
                <Coords points="774,2544 1966,2577 2305,2528 2342,2444 2174,2493 1984,2456 1913,2501 1672,2458 1417,2503 1290,2456 1239,2499 921,2481 774,2523"/>
                <Baseline points="785,2543 862,2543 940,2543 1018,2540 1096,2542 1174,2540 1252,2540 1330,2541 1408,2546 1486,2546 1564,2546 1641,2546 1719,2543 1797,2543 1875,2543 1953,2543 2031,2540 2109,2535 2187,2529 2265,2520 2343,2507"/>
                <TextEquiv>
                    <Unicode>en halt, Caruf gib Ich andtwurt, das Ich vnd mij</Unicode>
                </TextEquiv>
            </TextLine>
            <TextLine id="tr_2_tl_24" custom="readingOrder {index:24;}">
                <Coords points="778,2662 2042,2673 2285,2636 2287,2534 1860,2603 1533,2564 1484,2597 1335,2540 778,2591"/>
                <Baseline points="788,2630 863,2633 938,2630 1013,2627 1088,2627 1163,2630 1238,2632 1313,2633 1388,2633 1463,2636 1538,2636 1613,2636 1688,2639 1763,2636 1838,2636 1913,2636 1988,2632 2063,2627 2138,2625 2213,2619 2289,2609"/>
                <TextEquiv>
                    <Unicode>parthij, alle die, die In der heiligen christenlichen</Unicode>
                </TextEquiv>
            </TextLine>
            <TextLine id="tr_2_tl_25" custom="readingOrder {index:25;}">
                <Coords points="778,2732 1370,2734 1413,2777 1599,2728 1690,2771 2344,2726 2346,2640 1833,2693 1711,2658 1656,2703 1417,2646 1200,2679 1080,2634 958,2695 780,2662"/>
                <Baseline points="788,2725 866,2725 944,2725 1022,2722 1100,2722 1178,2725 1256,2725 1334,2725 1412,2725 1490,2725 1568,2725 1646,2725 1724,2725 1802,2725 1880,2724 1958,2724 2036,2722 2114,2714 2192,2709 2270,2703 2349,2695"/>
                <TextEquiv>
                    <Unicode>kilchen, durch den heiligen geist, vnd durch das was</Unicode>
                </TextEquiv>
            </TextLine>
            <TextLine id="tr_2_tl_26" custom="readingOrder {index:26;}">
                <Coords points="813,2869 907,2818 1225,2856 2054,2811 2172,2846 2323,2795 2323,2736 2262,2724 1688,2773 1603,2728 1419,2777 1294,2736 1207,2777 1088,2730 815,2744"/>
                <Baseline points="824,2815 899,2818 974,2816 1049,2814 1124,2815 1200,2817 1275,2817 1350,2815 1425,2815 1500,2815 1576,2814 1651,2812 1726,2814 1801,2815 1876,2815 1952,2812 2027,2811 2102,2806 2177,2795 2252,2787 2328,2770"/>
                <TextEquiv>
                    <Unicode>ser, vnd durch das wort des labens, In gott geboren</Unicode>
                </TextEquiv>
            </TextLine>
            <TextLine id="tr_2_tl_27" custom="readingOrder {index:27;}">
                <Coords points="772,2944 1443,2911 1543,2975 1723,2911 1946,2971 2040,2916 2278,2920 2230,2799 2170,2854 2070,2813 1801,2858 1537,2820 1231,2862 1131,2818 774,2856"/>
                <Baseline points="785,2916 859,2913 934,2913 1009,2911 1084,2910 1159,2910 1234,2908 1309,2907 1384,2904 1459,2904 1534,2903 1608,2901 1683,2900 1758,2904 1833,2907 1908,2907 1983,2904 2058,2901 2133,2898 2208,2893 2283,2881"/>
                <TextEquiv>
                    <Unicode>sind, Nun so Ir nachgaben, das alle die, die</Unicode>
                </TextEquiv>
            </TextLine>
        </TextRegion>
    </Page>
</PcGts>
