<?xml version="1.0" encoding="UTF-8" standalone="yes"?>
<PcGts xmlns="http://schema.primaresearch.org/PAGE/gts/pagecontent/2013-07-15">
    <Metadata>
        <Creator>prov=READ-COOP:name=TrHtr:version=2.41.0:model_id=51170:date=09_03_2026_17:23</Creator>
        <Created>2026-01-27T10:34:01.364+01:00</Created>
        <LastChange>2026-03-09T17:23:50.721+01:00</LastChange>
        <TranskribusMetadata docId="13922579" pageId="112790171" pageNr="252" status="IN_PROGRESS" userId="537" imgUrl="https://files.transkribus.eu/Get?fileType=view&amp;id=YJDGDJTEEMJRCPQRRSJIDYSN" imageId="95349247"/>
    </Metadata>
    <Page imageFilename="112790171.jpg" imageWidth="2479" imageHeight="3508">
        <TextRegion orientation="0.0" id="tr_1">
            <Coords points="35,448 35,1801 155,1801 155,448"/>
            <TextLine id="tr_1_tl_1" custom="readingOrder {index:1;}">
                <Coords points="49,507 59,505 87,521 93,517 122,525 128,519 150,525 109,324 99,326 45,410 30,412"/>
                <Baseline points="56,486 88,492 120,499 152,504"/>
                <TextEquiv>
                    <Unicode>Crvois</Unicode>
                </TextEquiv>
            </TextLine>
            <TextLine id="tr_1_tl_2" custom="readingOrder {index:2;}">
                <Coords points="36,592 51,582 130,612 152,610 122,529 109,537 93,529 89,535 69,531 65,539 41,529 39,535 30,533 28,539 18,541"/>
                <Baseline points="38,561 67,573 96,583 125,593 155,606"/>
                <TextEquiv>
                    <Unicode>nur bericht</Unicode>
                </TextEquiv>
            </TextLine>
            <TextLine id="tr_1_tl_3" custom="readingOrder {index:3;}">
                <Coords points="61,718 89,716 95,708 103,708 116,718 134,716 138,720 152,716 136,622 122,624 112,639 89,637 79,651 51,653"/>
                <Baseline points="68,686 97,692 126,697 155,701"/>
                <TextEquiv>
                    <Unicode>om</Unicode>
                </TextEquiv>
            </TextLine>
            <TextLine id="tr_1_tl_4" custom="readingOrder {index:4;}">
                <Coords points="34,787 47,783 59,787 83,785 103,799 132,795 116,714 105,716 97,712 75,740 59,736 51,740 39,732 24,738"/>
                <Baseline points="41,767 72,773 103,779 134,785"/>
                <TextEquiv>
                    <Unicode>M dll</Unicode>
                </TextEquiv>
            </TextLine>
            <TextLine id="tr_1_tl_5" custom="readingOrder {index:5;}">
                <Coords points="41,1030 71,1030 83,1022 97,1002 105,1000 85,916 65,920 57,933 47,927 34,943 30,939 18,945"/>
                <Baseline points="35,967 71,974 107,985"/>
                <TextEquiv>
                    <Unicode>met</Unicode>
                </TextEquiv>
            </TextLine>
            <TextLine id="tr_1_tl_6" custom="readingOrder {index:6;}">
                <Coords points="43,1231 53,1229 71,1235 97,1208 109,1219 114,1216 132,1221 118,1103 87,1105 79,1115 55,1109 49,1117 30,1121"/>
                <Baseline points="47,1176 75,1182 103,1185 131,1185"/>
                <TextEquiv>
                    <Unicode>gessere</Unicode>
                </TextEquiv>
            </TextLine>
            <TextLine id="tr_1_tl_7" custom="readingOrder {index:7;}">
                <Coords points="26,1292 43,1294 53,1287 83,1314 87,1310 107,1314 116,1304 126,1302 122,1233 99,1231 89,1241 77,1231 71,1235 57,1231 39,1251 24,1253"/>
                <Baseline points="35,1277 67,1279 99,1281 131,1283"/>
                <TextEquiv>
                    <Unicode>ixchent</Unicode>
                </TextEquiv>
            </TextLine>
            <TextLine id="tr_1_tl_8" custom="readingOrder {index:8;}">
                <Coords points="26,1407 36,1405 51,1387 57,1387 79,1405 128,1409 116,1312 97,1322 63,1367 34,1344 18,1342"/>
                <Baseline points="35,1382 66,1386 97,1390 128,1394"/>
                <TextEquiv>
                    <Unicode>him the</Unicode>
                </TextEquiv>
            </TextLine>
            <TextLine id="tr_1_tl_9" custom="readingOrder {index:9;}">
                <Coords points="22,1553 51,1553 75,1531 85,1533 99,1519 109,1529 126,1529 128,1409 77,1407 57,1387 36,1403 26,1403"/>
                <Baseline points="35,1498 67,1495 99,1495 131,1495"/>
                <TextEquiv>
                    <Unicode>of</Unicode>
                </TextEquiv>
            </TextLine>
            <TextLine id="tr_1_tl_10" custom="readingOrder {index:10;}">
                <Coords points="36,1624 57,1624 65,1616 93,1614 107,1600 132,1602 136,1553 126,1553 114,1563 101,1565 89,1553 77,1555 75,1551 63,1549 53,1539 43,1539"/>
                <Baseline points="50,1603 79,1601 108,1599 137,1597"/>
                <TextEquiv>
                    <Unicode>Hate an</Unicode>
                </TextEquiv>
            </TextLine>
            <TextLine id="tr_1_tl_11" custom="readingOrder {index:11;}">
                <Coords points="26,1701 51,1695 69,1701 85,1691 109,1705 126,1703 124,1630 112,1630 99,1644 83,1638 63,1618 45,1632 24,1634"/>
                <Baseline points="38,1683 68,1685 98,1686 128,1686"/>
                <TextEquiv>
                    <Unicode>Der Klag</Unicode>
                </TextEquiv>
            </TextLine>
            <TextLine id="tr_1_tl_12" custom="readingOrder {index:12;}">
                <Coords points="34,1804 55,1809 73,1823 99,1807 128,1802 132,1713 122,1713 93,1693 67,1703 61,1703 55,1695 41,1695"/>
                <Baseline points="47,1779 76,1779 105,1778 134,1776"/>
                <TextEquiv>
                    <Unicode>dernins</Unicode>
                </TextEquiv>
            </TextLine>
        </TextRegion>
        <TextRegion orientation="0.0" id="tr_2">
            <Coords points="659,226 659,2934 2301,2934 2301,226"/>
            <TextLine id="tr_2_tl_1" custom="readingOrder {index:1;}">
                <Coords points="1971,300 1997,306 2011,292 2030,306 2048,290 2062,292 2068,298 2080,296 2080,233 2066,233 2056,243 2036,243 2027,235 2011,245 1995,243 1983,231 1971,231"/>
                <Baseline points="1982,280 2008,278 2034,279 2060,279 2086,277"/>
                <TextEquiv>
                    <Unicode>102</Unicode>
                </TextEquiv>
            </TextLine>
            <TextLine id="tr_2_tl_2" custom="readingOrder {index:2;}">
                <Coords points="993,333 1182,328 1216,351 1298,330 1334,351 1419,314 1583,330 1614,312 1616,221 1563,205 1454,266 1413,266 1373,221 1184,237 1152,207 1103,237 1046,203 998,221"/>
                <Baseline points="1006,313 1036,313 1067,309 1097,307 1128,307 1159,307 1189,307 1220,308 1250,312 1281,312 1312,310 1342,310 1373,307 1403,304 1434,304 1465,302 1495,301 1526,301 1556,299 1587,297 1618,295"/>
                <TextEquiv>
                    <Unicode>Die erst schlus red</Unicode>
                </TextEquiv>
            </TextLine>
            <TextLine id="tr_2_tl_3" custom="readingOrder {index:3;}">
                <Coords points="647,531 854,452 1144,497 1450,485 1498,442 1667,476 2202,440 2204,359 2066,349 1985,403 1796,335 1669,379 1464,345 1235,418 1160,377 651,377"/>
                <Baseline points="659,471 736,458 813,456 891,453 968,452 1045,450 1123,450 1200,448 1277,444 1355,441 1432,439 1509,437 1587,431 1664,426 1741,423 1819,423 1896,420 1973,420 2051,421 2128,420 2206,423"/>
                <TextEquiv>
                    <Unicode>Wir vellen Im gern zugeben, wo er mit</Unicode>
                </TextEquiv>
            </TextLine>
            <TextLine id="tr_2_tl_4" custom="readingOrder {index:4;}">
                <Coords points="675,610 1042,539 1269,578 1697,515 2027,574 2090,519 2224,545 2228,452 1926,428 1699,495 1496,442 1452,487 1263,497 775,458 679,513"/>
                <Baseline points="689,576 766,558 843,555 920,550 997,545 1074,537 1151,537 1228,537 1305,533 1382,531 1459,534 1536,526 1613,521 1690,516 1767,516 1844,513 1921,510 1998,512 2075,508 2152,510 2230,510"/>
                <TextEquiv>
                    <Unicode>verstchrifft bybringet, Das ein meusten sollichs</Unicode>
                </TextEquiv>
            </TextLine>
            <TextLine id="tr_2_tl_5" custom="readingOrder {index:5;}">
                <Coords points="675,671 1358,669 1466,622 1640,687 1725,622 1786,665 1948,606 2176,659 2228,647 2232,543 1882,576 1809,517 1756,556 1689,521 1583,578 1360,533 1216,586 1034,543 953,600 677,612"/>
                <Baseline points="689,653 766,650 843,647 921,642 998,638 1075,635 1153,633 1230,629 1307,628 1385,623 1462,621 1539,618 1617,615 1694,610 1771,609 1849,606 1926,603 2003,606 2081,603 2158,600 2236,603"/>
                <TextEquiv>
                    <Unicode>rechts vnd gevallt zu der Christenlicher ge¬</Unicode>
                </TextEquiv>
            </TextLine>
            <TextLine id="tr_2_tl_6" custom="readingOrder {index:6;}">
                <Coords points="693,740 1137,783 1592,714 1904,762 2094,697 2293,750 2297,647 2074,665 1963,606 1863,683 1431,631 1279,685 1010,699 896,649 695,695"/>
                <Baseline points="704,740 783,740 863,737 943,734 1023,731 1103,729 1183,727 1262,727 1342,720 1422,719 1502,716 1582,713 1662,713 1742,713 1821,711 1901,704 1981,701 2061,698 2141,697 2221,695 2301,692"/>
                <TextEquiv>
                    <Unicode>meind habe Alls ein man zu sinem xxxvjc.</Unicode>
                </TextEquiv>
            </TextLine>
            <TextLine id="tr_2_tl_7" custom="readingOrder {index:7;}">
                <Coords points="651,898 827,831 1091,872 1683,809 1811,876 1908,803 2212,854 2281,817 2283,695 1900,762 1729,728 1571,785 655,775"/>
                <Baseline points="665,835 746,836 827,831 908,829 989,826 1070,826 1151,825 1232,822 1313,821 1394,821 1475,818 1556,813 1637,808 1718,809 1799,806 1880,806 1961,800 2042,798 2123,797 2204,797 2286,791"/>
                <TextEquiv>
                    <Unicode>Das er ein sollichen Ir houpt neme. Die hochsten</Unicode>
                </TextEquiv>
            </TextLine>
            <TextLine id="tr_2_tl_8" custom="readingOrder {index:8;}">
                <Coords points="1283,923 1504,927 1588,967 1632,931 1977,900 2070,963 2161,896 2246,900 2248,837 2119,856 2023,799 1809,876 1577,829 1533,866 1360,868 1287,833"/>
                <Baseline points="1295,922 1342,915 1390,913 1438,916 1486,916 1534,913 1581,910 1629,910 1677,906 1725,904 1773,904 1820,903 1868,900 1916,898 1964,896 2012,893 2059,890 2107,889 2155,886 2203,886 2251,883"/>
                <TextEquiv>
                    <Unicode>Aber allss. petrus vnnd paulus</Unicode>
                </TextEquiv>
            </TextLine>
            <TextLine id="tr_2_tl_9" custom="readingOrder {index:9;}">
                <Coords points="687,963 770,945 809,959 847,996 916,945 961,991 1008,1006 1014,868 993,866 975,884 870,837 811,888 779,888 740,852 691,868"/>
                <Baseline points="698,946 724,940 750,936 777,933 803,931 830,931 856,930 882,928 909,928 935,928 962,928 988,926 1015,922"/>
                <TextEquiv>
                    <Unicode>Spostell</Unicode>
                </TextEquiv>
            </TextLine>
            <TextLine id="tr_2_tl_10" custom="readingOrder {index:10;}">
                <Coords points="693,1042 770,1095 943,1032 1158,1066 2184,1002 2186,894 2084,967 1973,957 1916,898 1588,969 1304,953 1221,1000 1111,985 1050,920 833,1000 770,947 695,965"/>
                <Baseline points="704,1044 778,1042 852,1037 926,1033 1000,1034 1075,1030 1149,1028 1223,1026 1297,1021 1371,1019 1446,1018 1520,1015 1594,1013 1668,1012 1742,1009 1817,1009 1891,1008 1965,1006 2039,1002 2113,999 2188,997"/>
                <TextEquiv>
                    <Unicode>sampt Der gantzen Wellet sind vnser vnnd</Unicode>
                </TextEquiv>
            </TextLine>
            <TextLine id="tr_2_tl_11" custom="readingOrder {index:11;}">
                <Coords points="669,1174 1275,1129 1431,1190 1551,1141 1600,1192 1829,1113 1882,1148 2046,1109 2094,1162 2196,1119 2198,993 1969,1073 1910,1022 1800,1083 1610,1022 1545,1081 1458,1026 1316,1081 1259,1034 671,1103"/>
                <Baseline points="680,1143 756,1141 832,1136 908,1131 984,1128 1060,1129 1136,1125 1212,1125 1288,1123 1364,1118 1440,1116 1516,1116 1592,1113 1668,1110 1744,1113 1820,1113 1896,1112 1972,1107 2048,1105 2124,1103 2200,1101"/>
                <TextEquiv>
                    <Unicode>wir int Ir, somnders Christi In der ersten</Unicode>
                </TextEquiv>
            </TextLine>
            <TextLine id="tr_2_tl_12" custom="readingOrder {index:12;}">
                <Coords points="691,1267 1038,1231 1095,1277 1482,1214 1892,1249 1952,1206 2078,1261 2133,1210 2222,1219 2224,1144 2096,1162 2046,1109 1869,1176 1490,1150 1431,1192 1105,1141 1038,1206 916,1144 693,1158"/>
                <Baseline points="704,1227 780,1232 856,1229 932,1227 1008,1227 1084,1226 1160,1221 1237,1224 1313,1222 1389,1220 1465,1215 1541,1214 1617,1216 1693,1215 1770,1215 1846,1212 1922,1208 1998,1206 2074,1201 2150,1199 2227,1200"/>
                <TextEquiv>
                    <Unicode>Epist: zum Oberinthern am iiii cap: Diener</Unicode>
                </TextEquiv>
            </TextLine>
            <TextLine id="tr_2_tl_13" custom="readingOrder {index:13;}">
                <Coords points="681,1401 807,1371 874,1405 965,1332 1216,1344 1304,1395 1567,1324 1740,1381 1796,1332 2159,1306 2159,1255 2036,1223 1952,1269 1861,1233 1634,1279 1421,1233 1344,1292 1028,1241 685,1267"/>
                <Baseline points="695,1343 768,1343 841,1339 915,1331 988,1330 1062,1330 1135,1325 1209,1325 1282,1324 1356,1324 1429,1320 1502,1311 1576,1316 1649,1320 1723,1322 1796,1317 1870,1313 1943,1313 2017,1309 2090,1306 2164,1304"/>
                <TextEquiv>
                    <Unicode>sind sy der kirchen, wie sy sich selbst</Unicode>
                </TextEquiv>
            </TextLine>
            <TextLine id="tr_2_tl_14" custom="readingOrder {index:14;}">
                <Coords points="683,1454 837,1496 933,1440 1320,1433 1377,1474 1671,1427 1821,1488 1952,1415 2135,1452 2137,1371 1890,1334 1792,1389 1628,1346 1557,1399 1334,1369 1237,1405 1107,1332 939,1417 685,1403"/>
                <Baseline points="695,1453 767,1444 839,1444 912,1440 984,1436 1057,1439 1129,1435 1201,1433 1274,1434 1346,1433 1419,1433 1491,1430 1563,1430 1636,1427 1708,1426 1781,1424 1853,1418 1925,1415 1998,1416 2070,1412 2143,1409"/>
                <TextEquiv>
                    <Unicode>kunnen vnnd int egemachell, Dis kirch</Unicode>
                </TextEquiv>
            </TextLine>
            <TextLine id="tr_2_tl_15" custom="readingOrder {index:15;}">
                <Coords points="671,1588 1239,1602 1365,1541 1458,1626 1515,1583 1583,1622 1778,1529 2182,1563 2184,1484 2054,1484 1957,1417 1821,1488 1654,1433 1446,1496 1296,1446 1200,1498 993,1440 837,1496 673,1478"/>
                <Baseline points="683,1549 758,1543 833,1543 908,1540 984,1537 1059,1534 1134,1534 1209,1531 1285,1531 1360,1531 1435,1530 1510,1525 1586,1523 1661,1518 1736,1519 1811,1519 1887,1522 1962,1522 2037,1519 2112,1519 2188,1516"/>
                <TextEquiv>
                    <Unicode>were sunst int fremin so so mer dan ein</Unicode>
                </TextEquiv>
            </TextLine>
            <TextLine id="tr_2_tl_16" custom="readingOrder {index:16;}">
                <Coords points="683,1679 1638,1634 1902,1654 1946,1699 2137,1679 2139,1557 1835,1600 1671,1575 1581,1620 1296,1577 683,1612"/>
                <Baseline points="695,1645 767,1647 839,1645 912,1643 984,1642 1057,1643 1129,1642 1201,1639 1274,1637 1346,1636 1419,1636 1491,1633 1563,1633 1636,1633 1708,1633 1781,1633 1853,1633 1925,1633 1998,1631 2070,1629 2143,1627"/>
                <TextEquiv>
                    <Unicode>gemachell hette vnnde vormub blijet es</Unicode>
                </TextEquiv>
            </TextLine>
            <TextLine id="tr_2_tl_17" custom="readingOrder {index:17;}">
                <Coords points="653,1762 898,1821 1097,1756 2105,1752 2105,1675 1667,1715 1502,1693 1448,1640 1241,1703 1071,1667 653,1713"/>
                <Baseline points="665,1749 737,1748 809,1746 881,1748 954,1748 1026,1746 1098,1743 1170,1743 1243,1746 1315,1740 1387,1740 1459,1737 1532,1737 1604,1734 1676,1735 1748,1734 1821,1734 1893,1731 1965,1731 2037,1727 2110,1731"/>
                <TextEquiv>
                    <Unicode>noch. Das die kilcen nur om einen</Unicode>
                </TextEquiv>
            </TextLine>
            <TextLine id="tr_2_tl_18" custom="readingOrder {index:18;}">
                <Coords points="695,1910 876,1930 1068,1869 1150,1912 1318,1867 1365,1904 1492,1845 1644,1875 1817,1839 1904,1877 2048,1827 2107,1859 2143,1772 1764,1794 1411,1744 852,1831 697,1807"/>
                <Baseline points="707,1859 782,1859 858,1856 934,1854 1009,1853 1085,1854 1161,1854 1237,1854 1312,1851 1388,1848 1464,1848 1540,1842 1615,1836 1691,1836 1767,1836 1843,1835 1918,1830 1994,1825 2070,1823 2146,1821"/>
                <TextEquiv>
                    <Unicode>houpt habe, Christum, wie onch mir</Unicode>
                </TextEquiv>
            </TextLine>
            <TextLine id="tr_2_tl_19" custom="readingOrder {index:19;}">
                <Coords points="681,2001 858,2034 1042,1967 1255,1999 1448,1967 1594,2025 1792,1973 1946,2036 2135,1967 2137,1890 2048,1827 1703,1900 1494,1843 1419,1910 1302,1875 1111,1932 683,1916"/>
                <Baseline points="692,1964 764,1964 837,1964 909,1966 982,1964 1054,1964 1127,1964 1199,1964 1272,1962 1344,1961 1417,1958 1490,1959 1562,1961 1635,1961 1707,1961 1780,1961 1852,1958 1925,1955 1997,1953 2070,1951 2143,1952"/>
                <TextEquiv>
                    <Unicode>einen gemachell, eben denselben Christum,</Unicode>
                </TextEquiv>
            </TextLine>
            <TextLine id="tr_2_tl_20" custom="readingOrder {index:20;}">
                <Coords points="653,2105 939,2125 987,2084 1111,2139 1401,2074 1474,2133 1788,2072 1922,2139 2038,2074 2186,2098 2157,1977 1946,2034 1851,1981 1784,2038 1506,1981 1296,2021 1212,1965 1038,2042 959,1979 847,2040 732,1989 655,2019"/>
                <Baseline points="665,2077 741,2077 817,2076 893,2077 970,2071 1046,2071 1122,2071 1199,2068 1275,2065 1351,2063 1428,2063 1504,2067 1580,2068 1656,2071 1733,2071 1809,2071 1885,2068 1962,2068 2038,2065 2114,2066 2191,2071"/>
                <TextEquiv>
                    <Unicode>Der geistlich vnd lyblich, In aller Dingen hulfft</Unicode>
                </TextEquiv>
            </TextLine>
            <TextLine id="tr_2_tl_21" custom="readingOrder {index:21;}">
                <Coords points="681,2194 888,2251 1101,2184 1237,2234 1344,2184 2111,2210 2255,2186 2257,2070 1906,2143 1658,2078 1535,2139 681,2141"/>
                <Baseline points="692,2182 770,2179 848,2181 927,2179 1005,2176 1084,2176 1162,2177 1240,2175 1319,2173 1397,2171 1476,2170 1554,2171 1632,2173 1711,2175 1789,2176 1868,2176 1946,2173 2024,2173 2103,2168 2181,2163 2260,2158"/>
                <TextEquiv>
                    <Unicode>nach siner macht, wie ein jeder fremer Ehemackel</Unicode>
                </TextEquiv>
            </TextLine>
            <TextLine id="tr_2_tl_22" custom="readingOrder {index:22;}">
                <Coords points="691,2342 874,2275 979,2313 1216,2287 1281,2346 1488,2277 1723,2346 2058,2289 2163,2346 2165,2173 1610,2246 1316,2194 1131,2244 1010,2204 888,2257 693,2198"/>
                <Baseline points="704,2271 777,2277 850,2274 923,2274 997,2275 1070,2274 1143,2274 1217,2277 1290,2277 1363,2277 1437,2275 1510,2275 1583,2277 1656,2277 1730,2277 1803,2279 1876,2277 1950,2273 2023,2264 2096,2263 2170,2266"/>
                <TextEquiv>
                    <Unicode>stuen wijs nach smem vermogen, Also</Unicode>
                </TextEquiv>
            </TextLine>
            <TextLine id="tr_2_tl_23" custom="readingOrder {index:23;}">
                <Coords points="675,2392 752,2423 795,2386 1565,2386 1646,2451 1740,2394 2129,2386 2129,2311 2036,2303 1758,2354 1478,2289 1296,2346 1154,2301 1111,2342 876,2356 675,2271"/>
                <Baseline points="686,2385 758,2381 830,2379 903,2378 975,2376 1048,2376 1120,2374 1192,2379 1265,2381 1337,2382 1410,2382 1482,2382 1554,2382 1627,2384 1699,2385 1772,2382 1844,2380 1916,2376 1989,2376 2061,2372 2134,2373"/>
                <TextEquiv>
                    <Unicode>ist ouch int bewert, Das ijemand neben</Unicode>
                </TextEquiv>
            </TextLine>
            <TextLine id="tr_2_tl_24" custom="readingOrder {index:24;}">
                <Coords points="669,2528 1038,2480 1492,2532 2034,2486 2210,2532 2210,2439 2082,2413 1717,2425 1622,2472 1354,2382 1212,2439 878,2386 669,2411"/>
                <Baseline points="680,2486 756,2477 833,2472 910,2472 987,2475 1063,2476 1140,2477 1217,2480 1294,2480 1370,2480 1447,2483 1524,2485 1601,2487 1677,2489 1754,2487 1831,2485 1908,2480 1984,2477 2061,2476 2138,2472 2215,2466"/>
                <TextEquiv>
                    <Unicode>Christo moge weder Egem achell noch houpt</Unicode>
                </TextEquiv>
            </TextLine>
            <TextLine id="tr_2_tl_25" custom="readingOrder {index:25;}">
                <Coords points="681,2632 787,2587 888,2658 981,2581 2173,2622 2236,2609 2236,2530 1699,2563 1156,2482 1103,2532 679,2532"/>
                <Baseline points="692,2576 769,2576 847,2576 924,2574 1002,2576 1079,2578 1157,2579 1234,2585 1312,2585 1389,2585 1467,2585 1544,2585 1622,2591 1699,2595 1777,2596 1854,2594 1932,2592 2009,2591 2087,2591 2164,2585 2242,2576"/>
                <TextEquiv>
                    <Unicode>genempt werden, Des namen weret hebben</Unicode>
                </TextEquiv>
            </TextLine>
            <TextLine id="tr_2_tl_26" custom="readingOrder {index:26;}">
                <Coords points="665,2741 805,2682 1255,2747 1452,2707 2155,2715 2155,2644 1671,2664 1352,2585 888,2658 772,2591 665,2626"/>
                <Baseline points="677,2701 751,2686 825,2683 899,2681 973,2682 1048,2683 1122,2685 1196,2689 1270,2689 1344,2689 1419,2693 1493,2692 1567,2695 1641,2696 1715,2698 1790,2695 1864,2694 1938,2692 2012,2692 2086,2689 2161,2689"/>
                <TextEquiv>
                    <Unicode>Isst ouch gnug gesagt, Diener uit wexer</Unicode>
                </TextEquiv>
            </TextLine>
            <TextLine id="tr_2_tl_27" custom="readingOrder {index:27;}">
                <Coords points="687,2849 748,2824 783,2855 843,2794 945,2830 1018,2818 1044,2845 1123,2828 1154,2855 1212,2814 1249,2828 1249,2723 1137,2739 1093,2715 1026,2739 1006,2719 949,2739 918,2711 898,2725 785,2693 750,2725 687,2725"/>
                <Baseline points="698,2782 725,2786 753,2787 781,2785 809,2784 836,2782 864,2784 892,2785 920,2785 947,2785 975,2785 1003,2785 1031,2785 1058,2785 1086,2785 1114,2785 1142,2785 1169,2783 1197,2782 1225,2784 1253,2782"/>
                <TextEquiv>
                    <Unicode>sind all helgen</Unicode>
                </TextEquiv>
            </TextLine>
            <TextLine id="tr_2_tl_28" custom="readingOrder {index:28;}">
                <Coords points="1275,2792 1409,2804 1504,2865 1575,2836 1717,2865 1813,2816 1841,2841 1910,2802 2171,2782 2171,2721 2098,2709 2036,2749 1744,2705 1695,2747 1452,2707 1275,2772"/>
                <Baseline points="1286,2791 1330,2788 1375,2788 1419,2794 1464,2806 1506,2797 1550,2800 1595,2803 1640,2803 1684,2803 1729,2800 1774,2794 1818,2794 1863,2791 1908,2791 1952,2788 1997,2791 2042,2788 2086,2785 2131,2779 2176,2776"/>
                <TextEquiv>
                    <Unicode>Got syn lob Das</Unicode>
                </TextEquiv>
            </TextLine>
            <TextLine id="tr_2_tl_29" custom="readingOrder {index:29;}">
                <Coords points="677,2903 799,2978 979,2895 1279,2980 1352,2922 1644,2956 1689,2911 2078,2948 2137,2899 2267,2907 2265,2780 2194,2768 1952,2859 1632,2877 1318,2806 1166,2861 910,2867 839,2800 783,2857 677,2849"/>
                <Baseline points="689,2878 768,2886 847,2887 926,2889 1005,2892 1084,2892 1163,2898 1242,2901 1321,2901 1400,2904 1480,2909 1559,2910 1638,2910 1717,2910 1796,2905 1875,2901 1954,2898 2033,2895 2112,2890 2191,2888 2271,2887"/>
                <TextEquiv>
                    <Unicode>ter sin Warheit so gewallte vns armen sunder</Unicode>
                </TextEquiv>
            </TextLine>
        </TextRegion>
    </Page>
</PcGts>
