2479 3508
33 1881 121 1981 hen sijn
25 1965 181 2086 dt Don een
23 2066 187 2214 en sijn
33 2177 179 2325 zu Inenste
39 2271 185 2399 niemand
51 2370 195 2488 Der Varen
64 2481 187 2590 welche
33 2671 189 2800 das vertu
39 2889 134 2990 verte
300 2298 395 2416 108
930 142 1621 305 Die vierd schlußende
1965 183 2117 317 154
607 278 2138 496 vff sich, Inn einer erluterden red Dann zu Im¬
617 420 2185 588 komen ist mutzit annders weder vff Ine hingelassen
1496 521 2107 673 Alsz aber gemerckt
611 533 1298 700 sin vnnd vertruwen
597 613 2123 780 wirtt das In nachgendem smem wort Da er
621 714 2164 876 spricht vnnd Ich will Ine bim laben behalbten
597 811 2169 957 (den der zu Im komen sie) zur lesten zet, Es
617 909 2152 1068 statt geschriben (spricht er) Inn den propheren so
607 990 2210 1156 verdent all van pott gelertt sin Ein Jeder nu der
615 1101 2167 1263 Ses vom vatter gehort vnnd gelernet hatt. Der
611 1162 2224 1341 kom zu mir, Das Ist ein Jeder, dem mich der
603 1282 2156 1453 patter zeverstan hatt, geben der vertruwt vff
609 1383 2191 1533 mich, mitt spricht er, Das den vatter Jemands
615 1477 2204 1623 gesochen habe, vfgenomen, den der von got ist, der
1543 1566 2216 1724 Das nu menklich
630 1582 1391 1718 hatt den vatter gesochen.
638 1669 2230 1835 mercken moch, das der vordrig verstand der worten
632 1763 2195 1957 Christi eelich sye, So erlernen wir das an den
648 1883 2230 2039 nachkomenden halen worten sin, Da er spricht
630 1992 2092 2121 Warlich Marlich sah ick vth, welcher Inn
648 2078 2132 2232 mich vertruwt der hatt ewigs leben, Hie
669 2175 2097 2327 sicht ein Jeder Das Christus die gantzen
654 2267 2195 2428 zum der vordagen red vffthut vnnd spricht
642 2378 2214 2545 wijter Ich bin Das brot des lebens In welchem
588 2471 2171 2605 wir woll horen, Das er mitt redt wit einem
792 2576 1037 2648 „ oder
603 2549 2259 2739 vff bichem samamentlichen brett, Dann, dassselb ist
617 2687 2222 2817 niet ein brott Des-wens, vnne damit er kom¬
630 2790 2255 2959 lich vnntlose den gegen wurff den seijn gethan hatten
