2479 3508
498 690 688 804 a
823 347 2263 562 hern Inn fragen, wo er sollichs funden het,
811 502 2185 658 Das die Christenlich kisten vnnd Concilia
793 585 2239 770 die gestgrifft, so ein mal angenemen vnd
824 693 2260 864 Alls Heilig durch den geist des hern geschri¬
811 794 2256 954 ben, widerumb hinwerffen vnnd abthun mocht
2097 884 2275 944 troumbt
789 899 2292 1032 Das ick doch acht, de gemein leren nie touwen
817 986 2269 1147 sin Ich will gestheigen, Das er sollichs
813 1064 2267 1225 fur sich sulks fur genomen vnnd geschriben hab,
1848 1173 2039 1240 vnrecht
783 1167 2209 1323 Er wennet onch fur vnnd nit voorscht, Es
813 1267 2248 1411 mog die kilten durch een gest des hern
811 1358 2248 1499 durch welchen eerst die verschrifft geschriben
815 1448 2219 1596 ist werden, alle Dinge vrcheillen, Wer
798 1536 2204 1701 Die wijll ein jeder Christ, der Je ein Christ
823 1638 2228 1819 soo, ouch disen geist, habe, Namlich den
815 1743 2248 1887 geist des herren So mög ouch ein Jegklicher
802 1836 2213 1988 Christ die gsthrifft vrtheilen, vnd darzu
800 1939 2207 2080 die gschrifft verstan, durch den geist des
1225 2042 2260 2185 vnnd solle niemands glauben
808 2065 1081 2192 Herren
796 2134 2278 2241 von wegen eines anndern, Imzeugen, dan
813 2219 2303 2382 Je alls dan, so glouet er int dem herren son¬
815 2342 2269 2496 ders dem, so es Im anzogt, hat, vruch
1458 2425 1705 2511 inimand
823 2441 2267 2599 befrembdt aber, so Jemannes glauben soll vß
804 2533 2275 2693 anzoien des anndern, worumb sy die die
873 2616 2278 2796 widerperthij Ex sampt andern, so stats sich
830 2717 2234 2893 vlijssen, zu predigen, den nuwen erst ge¬
