2479 3508
19 696 131 812 vff den
30 812 144 930 griff
15 1020 137 1140 ompt
34 1102 144 1211 Monsluijt
22 1705 150 1828 iemans
36 1905 131 2010 von
210 1705 647 1821 namlich ein
296 1778 599 1905 gestliche
2030 183 2144 292 40
966 174 1647 348 Die erst Schenstraed
664 369 2081 569 pitten wir Doctor Cumrad treiger, der
666 518 2075 664 viefreengen beweijgten puncten einen fur sich
662 601 2126 748 jenemen, vnnd dem anlass. nach bestelu¬
655 692 2152 853 lichen vff das kurtzist, denselben zu begreiffen
649 803 2131 960 wellen wir Im glicher gestallt begegnen
1140 958 1942 1145 Doctor Cumrad trenger
1181 1106 1650 1257 provinciall
664 1256 2071 1469 Cromen liebenn Christen vff min Inred
679 1398 2094 1570 samenthafftig zugefurt, wider bode erst shlus
672 1504 2101 1658 red der wider parthij vipt antwort Dortog
651 1589 2129 1746 fabricius Capito vnnd Zucht harIn wie das
672 1682 2092 1838 voor zweijspalene Christenlichen kelck sy # Die da¬
668 1770 2043 1955 syn dem geyt, das synder lijb Christi
644 1879 2096 2047 Des hern / Der onch allein durch den hem
661 1980 2098 2111 peregiert overd solliche kirchen hab niemand
657 2077 2088 2231 zu zichten, noch vrtheillen dan der her¬
664 2158 2081 2333 wie dann parcens anzagt, da er sagt, den
657 2289 2077 2438 gerechten recht niemands, er richt aber alle
621 2376 2081 2530 Ding soelt min her Doctor Hervss. bestclossen
631 2468 2133 2616 haben. Das der gerecht so er alle Ding richten
629 2565 2094 2715 mag, ouch die geschrifft zurichten, hett so
608 2655 2071 2816 Doch bisshar van Inen vermeint worden
621 2751 2064 2915 Memlich die geschrifft lid ehem richter
