<?xml version="1.0" encoding="UTF-8" standalone="yes"?>
<PcGts xmlns="http://schema.primaresearch.org/PAGE/gts/pagecontent/2013-07-15">
    <Metadata>
        <Creator>prov=READ-COOP:name=TrHtr:version=2.41.0:model_id=51170:date=09_03_2026_17:24</Creator>
        <Created>2026-01-27T10:34:44.166+01:00</Created>
        <LastChange>2026-03-09T17:24:37.234+01:00</LastChange>
        <TranskribusMetadata docId="13922579" pageId="112790506" pageNr="584" status="IN_PROGRESS" userId="537" imgUrl="https://files.transkribus.eu/Get?fileType=view&amp;id=LFYNEWUTMMUVFBWTGVOYJEZG" imageId="95349573"/>
    </Metadata>
    <Page imageFilename="112790506.jpg" imageWidth="2479" imageHeight="3508">
        <TextRegion orientation="0.0" id="tr_1">
            <Coords points="35,1810 35,2253 152,2253 152,1810"/>
            <TextLine id="tr_1_tl_1" custom="readingOrder {index:1;}">
                <Coords points="31,1891 41,1891 65,1912 94,1900 106,1887 141,1891 153,1679 112,1681 94,1669 80,1679 43,1679"/>
                <Baseline points="41,1874 68,1873 95,1869 122,1868 149,1868"/>
                <TextEquiv>
                    <Unicode># fur, jusqu'</Unicode>
                </TextEquiv>
            </TextLine>
            <TextLine id="tr_1_tl_2" custom="readingOrder {index:2;}">
                <Coords points="22,1973 43,1985 57,1985 98,1969 123,1998 133,1998 137,1891 118,1887 86,1920 76,1922 37,1887 27,1885"/>
                <Baseline points="35,1967 61,1963 87,1962 113,1961 140,1961"/>
                <TextEquiv>
                    <Unicode>in wir F.</Unicode>
                </TextEquiv>
            </TextLine>
            <TextLine id="tr_1_tl_3" custom="readingOrder {index:3;}">
                <Coords points="27,2059 80,2063 104,2049 123,2061 135,2053 147,2053 153,2004 143,2004 139,1998 131,2006 98,1969 55,1989 35,1983"/>
                <Baseline points="38,2054 66,2050 95,2047 123,2044 152,2042"/>
                <TextEquiv>
                    <Unicode>in andren</Unicode>
                </TextEquiv>
            </TextLine>
            <TextLine id="tr_1_tl_4" custom="readingOrder {index:4;}">
                <Coords points="31,2173 41,2175 49,2185 61,2181 78,2202 106,2183 131,2183 149,2077 135,2077 125,2061 118,2061 106,2049 71,2063 51,2059"/>
                <Baseline points="50,2137 83,2132 116,2126 149,2119"/>
                <TextEquiv>
                    <Unicode>2 opfors</Unicode>
                </TextEquiv>
            </TextLine>
            <TextLine id="tr_1_tl_5" custom="readingOrder {index:5;}">
                <Coords points="35,2255 47,2259 84,2234 90,2239 94,2234 108,2237 123,2228 141,2230 153,2179 131,2171 106,2177 102,2173 82,2188 51,2177"/>
                <Baseline points="53,2224 86,2219 119,2212 152,2203"/>
                <TextEquiv>
                    <Unicode>andren</Unicode>
                </TextEquiv>
            </TextLine>
        </TextRegion>
        <TextRegion orientation="0.0" id="tr_2">
            <Coords points="265,1637 265,1794 412,1794 412,1637"/>
            <TextLine id="tr_2_tl_1" custom="readingOrder {index:1;}">
                <Coords points="253,1742 266,1744 282,1763 298,1763 325,1789 345,1781 355,1787 396,1752 406,1752 408,1669 388,1673 364,1661 294,1679 266,1701 253,1699"/>
                <Baseline points="265,1740 294,1744 323,1740 353,1740 382,1739 412,1737"/>
                <TextEquiv>
                    <Unicode>1489</Unicode>
                </TextEquiv>
            </TextLine>
        </TextRegion>
        <TextRegion orientation="0.0" id="tr_3">
            <Coords points="534,138 534,2875 2227,2875 2227,138"/>
            <TextLine id="tr_3_tl_1" custom="readingOrder {index:1;}">
                <Coords points="2069,243 2085,235 2112,255 2136,245 2163,266 2181,268 2228,241 2218,151 2149,153 2130,167 2096,147 2059,151"/>
                <Baseline points="2074,185 2099,187 2125,189 2150,192 2176,196 2201,199 2227,200"/>
                <TextEquiv>
                    <Unicode>245</Unicode>
                </TextEquiv>
            </TextLine>
            <TextLine id="tr_3_tl_2" custom="readingOrder {index:2;}">
                <Coords points="903,276 1097,308 1146,282 1209,306 1270,286 1299,315 1397,304 1491,337 1518,306 1632,315 1628,233 1565,198 1328,190 1279,227 1211,176 1158,212 1111,176 1064,206 948,165 899,196"/>
                <Baseline points="913,262 949,264 985,267 1021,268 1057,269 1093,271 1129,273 1166,276 1202,278 1238,280 1274,280 1310,283 1346,287 1382,289 1419,290 1455,292 1491,295 1527,293 1563,292 1599,293 1636,298"/>
                <TextEquiv>
                    <Unicode>Die funfte Othlussredi</Unicode>
                </TextEquiv>
            </TextLine>
            <TextLine id="tr_3_tl_3" custom="readingOrder {index:3;}">
                <Coords points="574,415 813,451 972,415 1029,455 1072,415 1528,419 1640,464 1752,417 1861,470 2059,439 2022,372 1806,323 1460,384 1381,313 1307,349 1144,286 962,347 846,308 750,376 666,308 574,378"/>
                <Baseline points="585,406 658,406 732,403 806,403 880,403 954,400 1028,400 1102,405 1176,406 1250,406 1324,411 1397,412 1471,414 1545,415 1619,417 1693,417 1767,417 1841,417 1915,416 1989,421 2063,429"/>
                <TextEquiv>
                    <Unicode>also musste verstanden werden, wie sij es dargeben,</Unicode>
                </TextEquiv>
            </TextLine>
            <TextLine id="tr_3_tl_4" custom="readingOrder {index:4;}">
                <Coords points="572,498 850,484 1009,533 1085,488 1234,566 1358,494 2102,515 2100,462 2020,425 1861,476 1752,417 1640,464 1554,421 1309,451 1123,415 1029,455 972,415 827,451 570,415"/>
                <Baseline points="582,483 658,486 734,485 810,483 886,483 962,483 1038,487 1114,492 1190,489 1266,492 1343,492 1419,495 1495,497 1571,498 1647,497 1723,498 1799,498 1875,498 1951,500 2027,504 2104,507"/>
                <TextEquiv>
                    <Unicode>das doch nitt Ist, So dat also, die wisßheit hat Ire</Unicode>
                </TextEquiv>
            </TextLine>
            <TextLine id="tr_3_tl_5" custom="readingOrder {index:5;}">
                <Coords points="580,578 827,615 1101,566 1156,600 2069,582 2069,521 1750,537 1638,496 1575,533 1213,496 1001,533 852,484 580,521"/>
                <Baseline points="591,561 665,564 739,563 813,561 887,562 961,562 1035,567 1110,566 1184,570 1258,570 1332,572 1406,573 1480,573 1554,573 1629,576 1703,576 1777,576 1851,576 1925,579 1999,579 2074,585"/>
                <TextEquiv>
                    <Unicode>opfer vfgeoprot, vnd mitt, die wisheit hat win</Unicode>
                </TextEquiv>
            </TextLine>
            <TextLine id="tr_3_tl_6" custom="readingOrder {index:6;}">
                <Coords points="588,654 1219,709 1481,658 1573,721 1667,666 1932,656 2030,709 2192,668 2192,541 1834,625 1452,576 1176,609 1107,566 984,613 588,609"/>
                <Baseline points="600,644 679,650 759,645 839,647 919,650 999,650 1079,650 1158,653 1238,653 1318,650 1398,652 1478,653 1558,653 1638,653 1717,653 1797,655 1877,655 1957,656 2037,656 2117,656 2197,650"/>
                <TextEquiv>
                    <Unicode>vnd brot ufgeopfrot, lassend es bij rechtem verstand</Unicode>
                </TextEquiv>
            </TextLine>
            <TextLine id="tr_3_tl_7" custom="readingOrder {index:7;}">
                <Coords points="576,784 835,733 984,770 1029,748 1091,797 1148,748 1250,784 1368,748 1452,772 1505,764 1505,705 1324,676 1219,709 1148,678 968,705 882,647 827,690 635,666 574,692"/>
                <Baseline points="585,734 631,734 677,734 723,731 770,731 816,728 862,729 908,732 955,734 1001,734 1047,734 1093,735 1140,737 1186,738 1232,740 1278,740 1325,740 1371,740 1417,738 1463,739 1510,743"/>
                <TextEquiv>
                    <Unicode>Vibouw der Ihritt blibenn,</Unicode>
                </TextEquiv>
            </TextLine>
            <TextLine id="tr_3_tl_8" custom="readingOrder {index:8;}">
                <Coords points="1009,901 1089,911 1138,860 1166,856 1226,876 1366,856 1501,884 1499,795 1479,788 1458,809 1430,782 1377,782 1338,809 1275,811 1219,768 1181,782 1142,756 1095,797 1007,799"/>
                <Baseline points="1018,832 1043,839 1069,844 1095,846 1120,847 1146,847 1172,848 1198,850 1223,850 1249,850 1275,850 1301,851 1326,853 1352,853 1378,853 1404,853 1429,854 1455,855 1481,857 1507,859"/>
                <TextEquiv>
                    <Unicode>gidius nuwer,</Unicode>
                </TextEquiv>
            </TextLine>
            <TextLine id="tr_3_tl_9" custom="readingOrder {index:9;}">
                <Coords points="568,1083 966,1015 1961,1078 2159,1060 2159,997 1761,931 1497,987 1389,901 1217,982 566,950"/>
                <Baseline points="579,1030 658,1024 737,1024 816,1023 895,1021 974,1021 1053,1021 1132,1022 1211,1021 1290,1024 1370,1026 1449,1027 1528,1028 1607,1032 1686,1035 1765,1036 1844,1038 1923,1041 2002,1040 2081,1038 2161,1041"/>
                <TextEquiv>
                    <Unicode>Ich bliben bij minem vordrigen verstand, wie geant¬</Unicode>
                </TextEquiv>
            </TextLine>
            <TextLine id="tr_3_tl_10" custom="readingOrder {index:10;}">
                <Coords points="582,1113 842,1154 1095,1113 1360,1156 1422,1121 1526,1156 1846,1119 2020,1166 2138,1132 2138,1083 2047,1062 1618,1042 1424,1085 1373,1042 1117,1031 1019,1070 966,1017 582,1083"/>
                <Baseline points="594,1107 671,1110 748,1112 826,1113 903,1110 981,1108 1058,1110 1136,1110 1213,1112 1291,1115 1368,1115 1445,1116 1523,1116 1600,1114 1678,1117 1755,1116 1833,1116 1910,1119 1988,1119 2065,1119 2143,1122"/>
                <TextEquiv>
                    <Unicode>wurt Ist, der Ist ouch bestätigt durch den heiligen</Unicode>
                </TextEquiv>
            </TextLine>
            <TextLine id="tr_3_tl_11" custom="readingOrder {index:11;}">
                <Coords points="582,1217 688,1260 792,1209 919,1250 1166,1207 1226,1266 1456,1211 1861,1221 1861,1146 1522,1164 1093,1113 1046,1156 694,1164 582,1125"/>
                <Baseline points="594,1200 657,1199 721,1197 784,1199 848,1197 911,1197 975,1192 1038,1194 1102,1194 1165,1196 1229,1197 1293,1199 1356,1200 1420,1202 1483,1203 1547,1203 1610,1203 1674,1200 1737,1200 1801,1200 1865,1200"/>
                <TextEquiv>
                    <Unicode>Cipriamum, vnd darbij lassen Ichs blibenn,</Unicode>
                </TextEquiv>
            </TextLine>
            <TextLine id="tr_3_tl_12" custom="readingOrder {index:12;}">
                <Coords points="962,1385 1017,1358 1127,1405 1381,1381 1477,1428 1569,1391 1640,1428 1728,1391 1726,1342 1673,1307 1640,1334 1505,1330 1483,1307 1391,1324 1307,1277 1162,1260 960,1289"/>
                <Baseline points="973,1373 1011,1370 1049,1366 1087,1366 1125,1367 1163,1367 1201,1367 1239,1370 1277,1370 1315,1370 1353,1371 1391,1373 1429,1373 1467,1373 1505,1373 1543,1375 1581,1378 1619,1380 1657,1383 1695,1386 1734,1391"/>
                <TextEquiv>
                    <Unicode>Meister Vlrich zwingkij</Unicode>
                </TextEquiv>
            </TextLine>
            <TextLine id="tr_3_tl_13" custom="readingOrder {index:13;}">
                <Coords points="537,1605 768,1542 1019,1542 1078,1579 1154,1544 1569,1565 1569,1495 1493,1462 1401,1507 1232,1495 1183,1462 1115,1499 1021,1446 815,1432 535,1450"/>
                <Baseline points="549,1534 600,1537 651,1537 702,1537 753,1535 805,1534 856,1534 907,1534 958,1534 1009,1534 1061,1534 1112,1536 1163,1537 1214,1537 1265,1537 1317,1537 1368,1537 1419,1537 1470,1537 1521,1539 1573,1543"/>
                <TextEquiv>
                    <Unicode>Fr tund dein Cipriano vnrecht,</Unicode>
                </TextEquiv>
            </TextLine>
            <TextLine id="tr_3_tl_14" custom="readingOrder {index:14;}">
                <Coords points="1007,1738 1070,1752 1172,1714 1340,1716 1362,1693 1454,1738 1669,1714 1669,1634 1603,1612 1448,1603 1364,1656 1334,1630 1266,1665 1236,1636 1201,1669 1095,1599 1007,1609"/>
                <Baseline points="1018,1704 1050,1706 1083,1707 1115,1707 1148,1707 1181,1705 1213,1703 1246,1701 1279,1698 1311,1698 1344,1698 1377,1698 1409,1700 1442,1701 1475,1702 1507,1704 1540,1704 1573,1704 1605,1704 1638,1707 1671,1707"/>
                <TextEquiv>
                    <Unicode>Johannes tuchstab,</Unicode>
                </TextEquiv>
            </TextLine>
            <TextLine id="tr_3_tl_15" custom="readingOrder {index:15;}">
                <Coords points="521,1932 2161,1902 2161,1855 2065,1818 1912,1853 1838,1806 1710,1863 1624,1791 1417,1771 1136,1853 999,1771 815,1861 731,1818 523,1881"/>
                <Baseline points="534,1919 615,1923 697,1917 778,1904 860,1901 942,1899 1023,1897 1105,1898 1187,1895 1268,1895 1350,1892 1432,1892 1513,1892 1595,1889 1677,1892 1758,1892 1840,1892 1922,1889 2003,1889 2085,1889 2167,1892"/>
                <TextEquiv>
                    <Unicode>In den anfang hern Berchtolden, gestern ange¬</Unicode>
                </TextEquiv>
            </TextLine>
            <TextLine id="tr_3_tl_16" custom="readingOrder {index:16;}">
                <Coords points="582,2049 801,1991 2190,2012 2192,1906 584,1947"/>
                <Baseline points="594,2006 674,2000 754,1994 834,1989 914,1988 994,1988 1074,1982 1155,1985 1235,1984 1315,1983 1395,1982 1475,1982 1555,1980 1635,1978 1716,1976 1796,1976 1876,1973 1956,1973 2036,1973 2116,1973 2197,1976"/>
                <TextEquiv>
                    <Unicode>zogen, wil Ich vff das kurzest, aue alles wider afren,</Unicode>
                </TextEquiv>
            </TextLine>
            <TextLine id="tr_3_tl_17" custom="readingOrder {index:17;}">
                <Coords points="580,2112 980,2075 1158,2116 1321,2067 1548,2108 1759,2061 2128,2098 2130,1985 1618,2042 1430,1981 1209,2028 991,1996 582,2073"/>
                <Baseline points="594,2092 671,2088 748,2080 825,2078 902,2074 979,2074 1056,2074 1133,2069 1210,2068 1287,2068 1364,2068 1441,2065 1518,2065 1595,2065 1672,2061 1749,2060 1826,2060 1903,2060 1980,2059 2057,2061 2134,2068"/>
                <TextEquiv>
                    <Unicode>met wurten, Oag also, Sie Opruch am anfang ge</Unicode>
                </TextEquiv>
            </TextLine>
            <TextLine id="tr_3_tl_18" custom="readingOrder {index:18;}">
                <Coords points="576,2175 2038,2165 2108,2104 1842,2108 1759,2061 1573,2118 1330,2067 1158,2116 705,2092 576,2149"/>
                <Baseline points="588,2170 664,2170 740,2167 816,2164 892,2162 968,2158 1044,2157 1120,2152 1196,2153 1272,2152 1349,2149 1425,2149 1501,2146 1577,2146 1653,2146 1729,2142 1805,2138 1881,2137 1957,2137 2033,2137 2110,2140"/>
                <TextEquiv>
                    <Unicode>meldet, Omd ein teil In der dritten, vnd ein toil In</Unicode>
                </TextEquiv>
            </TextLine>
            <TextLine id="tr_3_tl_19" custom="readingOrder {index:19;}">
                <Coords points="568,2265 1007,2245 1234,2300 1626,2226 2071,2255 2167,2218 2169,2143 1867,2188 1718,2145 1654,2202 1326,2149 901,2210 570,2173"/>
                <Baseline points="579,2254 658,2254 738,2254 818,2252 897,2249 977,2245 1057,2242 1136,2239 1216,2236 1296,2235 1376,2231 1455,2233 1535,2228 1615,2227 1694,2223 1774,2218 1854,2215 1933,2215 2013,2218 2093,2217 2173,2212"/>
                <TextEquiv>
                    <Unicode>der Rechten Schlussere begriffen, daerumb Ich</Unicode>
                </TextEquiv>
            </TextLine>
            <TextLine id="tr_3_tl_20" custom="readingOrder {index:20;}">
                <Coords points="566,2349 690,2400 833,2353 997,2396 1140,2328 1904,2312 2124,2369 2194,2353 2198,2232 566,2302"/>
                <Baseline points="576,2343 657,2344 738,2341 819,2343 900,2337 982,2329 1063,2323 1144,2321 1225,2315 1306,2313 1388,2310 1469,2310 1550,2314 1631,2313 1712,2307 1794,2301 1875,2301 1956,2301 2037,2301 2118,2303 2200,2301"/>
                <TextEquiv>
                    <Unicode>Ien vsblaß, zu verantwurten, Das aber die Nass</Unicode>
                </TextEquiv>
            </TextLine>
            <TextLine id="tr_3_tl_21" custom="readingOrder {index:21;}">
                <Coords points="574,2465 758,2437 860,2473 1107,2412 1172,2469 1420,2398 1693,2439 1820,2402 1932,2453 2061,2429 2065,2324 1812,2349 1718,2312 1618,2369 1554,2310 1424,2359 1119,2345 690,2404 578,2357"/>
                <Baseline points="588,2442 662,2436 736,2432 810,2427 884,2425 958,2420 1032,2415 1106,2412 1180,2409 1254,2404 1328,2399 1402,2397 1476,2397 1550,2396 1624,2397 1698,2395 1772,2393 1846,2391 1920,2391 1994,2391 2068,2394"/>
                <TextEquiv>
                    <Unicode>für ein gut werck geachtot wirdt, beschicht glich</Unicode>
                </TextEquiv>
            </TextLine>
            <TextLine id="tr_3_tl_22" custom="readingOrder {index:22;}">
                <Coords points="586,2543 1851,2478 1928,2518 2167,2484 2169,2433 1824,2451 1748,2400 1656,2459 1487,2420 1332,2459 1275,2412 1189,2473 1107,2414 1015,2461 588,2488"/>
                <Baseline points="597,2534 675,2525 754,2520 833,2516 912,2510 991,2505 1069,2500 1148,2498 1227,2495 1306,2493 1385,2491 1463,2486 1542,2483 1621,2483 1700,2483 1779,2480 1857,2477 1936,2477 2015,2475 2094,2472 2173,2475"/>
                <TextEquiv>
                    <Unicode>wie ouch mitt andren Sacramenten, Die bösen prie¬</Unicode>
                </TextEquiv>
            </TextLine>
            <TextLine id="tr_3_tl_23" custom="readingOrder {index:23;}">
                <Coords points="594,2625 1895,2569 1947,2600 2120,2563 2122,2508 2034,2473 1910,2522 1804,2486 1669,2531 1426,2492 1332,2537 596,2541"/>
                <Baseline points="606,2612 685,2609 765,2601 845,2598 925,2596 1005,2594 1085,2589 1165,2587 1245,2585 1325,2582 1405,2576 1485,2573 1565,2570 1645,2570 1725,2570 1805,2567 1885,2565 1965,2560 2045,2557 2125,2555"/>
                <TextEquiv>
                    <Unicode>ster wil Ich ouch nitt verandtwurten, Das aber die</Unicode>
                </TextEquiv>
            </TextLine>
            <TextLine id="tr_3_tl_24" custom="readingOrder {index:24;}">
                <Coords points="570,2702 1068,2714 1391,2665 1691,2700 1891,2653 2061,2725 2094,2582 1540,2576 1266,2635 1152,2596 856,2661 768,2606 572,2621"/>
                <Baseline points="582,2698 657,2689 733,2689 808,2685 884,2683 960,2681 1035,2678 1111,2675 1187,2673 1262,2672 1338,2669 1414,2666 1489,2663 1565,2660 1641,2660 1716,2658 1792,2657 1868,2654 1943,2653 2019,2653 2095,2651"/>
                <TextEquiv>
                    <Unicode>Driester mitthelster sijen Ist der Othrift nitt zu</Unicode>
                </TextEquiv>
            </TextLine>
            <TextLine id="tr_3_tl_25" custom="readingOrder {index:25;}">
                <Coords points="584,2782 805,2819 1203,2761 1381,2796 1558,2753 1779,2800 2081,2772 2081,2714 1973,2712 1920,2655 1804,2708 1740,2665 1493,2717 1399,2670 1332,2712 1285,2674 1095,2721 876,2688 752,2733 692,2690 586,2735"/>
                <Baseline points="597,2776 671,2774 745,2773 820,2776 894,2771 969,2767 1043,2764 1118,2760 1192,2758 1267,2756 1341,2754 1415,2752 1490,2752 1564,2752 1639,2749 1713,2749 1788,2751 1862,2749 1937,2747 2011,2749 2086,2752"/>
                <TextEquiv>
                    <Unicode>wider, do auch alle mentsthen schuldig sind, fur</Unicode>
                </TextEquiv>
            </TextLine>
            <TextLine id="tr_3_tl_26" custom="readingOrder {index:26;}">
                <Coords points="576,2864 758,2909 823,2862 940,2898 1438,2847 1744,2898 2055,2841 2188,2894 2190,2806 1769,2806 1597,2757 1438,2821 1211,2764 790,2837 578,2813"/>
                <Baseline points="588,2857 668,2854 748,2851 828,2851 908,2851 988,2851 1068,2848 1149,2845 1229,2844 1309,2842 1389,2842 1469,2844 1549,2842 1629,2840 1710,2839 1790,2842 1870,2839 1950,2837 2030,2840 2110,2845 2191,2857"/>
                <TextEquiv>
                    <Unicode>ein uuren zubitten, facobi v. vnd allenthalbenn,</Unicode>
                </TextEquiv>
            </TextLine>
        </TextRegion>
    </Page>
</PcGts>
