2479 3508
441 2761 560 2940 (B)
697 223 2294 435 als paulus zum Rheinern lert, der da wys sagt der
752 377 2230 558 soll wysagen secundum Anatogiam fidei. Das ist
728 463 2255 633 aless, Das die vßlegung dem gleuben gemäß sie
734 566 2224 730 Wa wir min annemen solche ufflegung her¬
756 656 2230 830 opfarrers oder anndre onch dan das vns sollich
765 750 2257 896 sanamenttlich brett, vns beens den leb Christi
746 849 2271 974 so wurde solchs dem glauben zu wider sin, Dann
728 939 2243 1037 vnser gloub hellt Inn das den Rm pottes die
750 1035 2257 1162 monsthliche natur an sich genomen hal vss dem
750 1095 2249 1244 samen wrachs vnnd noch vngell noch kein
732 1175 2257 1339 annder Greaten, So aber der lijb Christi Wesenlich
713 1279 2251 1447 Virtt brett sin, vss. krafft des overts wesenlich
726 1378 2212 1552 so wirtt ouch das daruff volgen, das Christus
705 1474 2171 1652 Denne allso gett. hett das brott Inn Sin natur
726 1566 2253 1724 genomen welches Christenliche oxen, schucken zu¬
722 1665 2204 1833 hören vnd allso wurde also sin vßlegung nitt
728 1755 2194 1937 gemeß sin Christen lichem glauben, Ovoelt aber
715 1870 2273 2040 er ein anndern stropum oder figur zu wede, In furen
699 1966 2263 2120 In dese wortt, so mußt er onch solche bestätigenn
699 2062 2247 2239 vnd ovirt sich uudtt dest weniger ouch erfinden,
687 2140 2239 2312 Das sich ander figureuch reden wider die ein¬
701 2255 2300 2425 falligkeit des glaubens setzen Memerch alls
685 2341 2294 2532 Durch min hern die predicanten gesagt ist wider
646 2450 2290 2649 Die arngkeele Er ist vff gefaren zijn himelen, vnd
713 2550 2278 2718 ist zukunfftig zu richten, wer die lebenndigen,
726 2673 1080 2786 vnd toden
1226 2722 2161 3016 Pfarrer von Sanigat:
