2479 3508
15 503 126 581 de son
17 666 119 776 Winsen
20 802 115 896 a8 p.
15 863 115 993 ten voor
33 1260 113 1375 vibt
28 1351 117 1494 presenta
28 1462 115 1572 welche
28 1581 119 1666 allen
26 1700 128 1796 wch triet
30 2013 124 2106 insinall
1935 163 2073 280 216
854 160 1562 354 Die vivre Sluproe
601 286 2234 486 Alposis Vbi e duobus comparibus alterum nomenclatu¬
633 399 2143 551 rain obtinet) Dis zoigenn wir an fur die
612 484 2167 659 grund vnnd trennen der ystchrifft, die vns zu
612 599 2173 740 dem verstand bezwingen, habenn. Dan wir
1991 716 2184 807 vnnd
614 703 1926 848 Noch een Jeden wort gottes glauben,
644 781 2201 954 so Die wortt offentlich erfunden wendenn,
605 887 2234 1084 weder ein andern sin (nach dem ersten amstchen)
622 1024 2279 1175 so beruffen wir die anliche des glondens mit
653 1110 2229 1284 dem Instrument oder brieff der schrifft ze
627 1212 2167 1384 vrtheill, Mochten, noch voll vill mer grund
614 1303 2201 1462 anzeigen, Die wir aber von kurtze wegen er¬
655 1436 861 1596 paxen/
1065 1429 1696 1655 pfarrer v. s. g.
642 1592 2193 1785 Off Ingelente probation zu volkomen erklaringe
581 1672 2269 1885 Des furnemens betreffend die vierde conclusien
633 1796 2232 1991 sind In gefurt ettlich spruch vff Dem vi cap Jois
633 1876 2275 2071 vormals erklart, bewelchen wir wie vor vnder
594 1987 2256 2193 welchem einer Ist Namenen das fleyten ist
603 2093 2212 2282 uit metz. Der geist ist der vns hebendig macht
629 2210 2158 2349 Vssz welchem allem wir verstand sollichies int
527 2288 2273 2451 verfachen oder zu wider sin, Der leblichen wissung
590 2392 2256 2583 Des lebs Christi / somder sollichs van flestlichen
601 2494 2186 2674 vrtheill oder verstand dan fleythlich, was
592 2609 2180 2776 zu zweffeln Ine ein Sun sin Josephs wie er duen
605 2700 2242 2874 sin flaeten mocht geben zu essen, Der In andern
596 2806 2167 2969 spill sachen, vill minder wer naturliche thatum
