2479 3508
19 741 119 881 essens
19 850 107 986 a ses
212 1603 412 1819 J.K.
193 1819 331 2008 38
1076 121 1809 325 Die heeft Schlußred
2029 177 2134 315 58
553 346 2162 543 ende schrifft, Die das ewig gotlich wort ist, wel¬
562 496 2195 636 lend wir belieben, vnnd sind auch Jetz eben Drumb
560 586 2206 763 hie vß pantz Christenlicher ordnung, vnser gue¬
564 693 2107 844 digen hern von Berim Das sollicher allter
570 772 2199 959 verlouw bij einer potlichen gemeind hie zu Besun
560 899 2158 1047 an tag gebracht werd vnnd abgetriben die
570 957 2218 1154 nuwen menschen fundep, so In vy Jaren hac
556 1093 2132 1257 Der meren thell Durch monstlichen an¬
574 1185 2144 1348 mutigkeit ingerissen, vnnd dem einfaengen
556 1304 1436 1486 prolck affgetrocken sind
607 1430 2173 1652 Die annder frag mit der der provinciat den
1224 1588 1496 1650 herrlichen
580 1576 2197 1751 halen glantz des heiligen spruchs den geist¬
576 1693 2160 1850 lich rechtestz allps, ein nouch vfftribe Ist
553 1759 2164 1959 dise so der geist; Dann die Christen, das
558 1858 2115 2060 tst. Die gesteichen/ Alle wargeit lere, vnd
560 1936 2191 2140 ick mit anndern die schrifften vlessigk te suchen
547 2068 2197 2216 vnd noch dewester, int mit ein andern stimmen
553 2185 2107 2348 vnd besonders ich mit dem luter int haeer
553 2294 2132 2428 des sacraments halben. Den ich doch etter van
549 2387 2136 2553 hock gebrissen habe. Diese frag ist verhin genug
533 2475 2158 2656 vnd gschrifftlich verantwurtet, das vnser er¬
971 2588 1128 2662 „ alle
547 2584 2181 2739 kantnus, hie¬ Christen vnd gonstligen noch stuck¬
541 2689 2175 2866 werck ist wij paulus schrift, zijn Chorm,
549 2786 1197 2959 thern Cap: iij
1370 2778 2148 2963 Das die Christen
