2479 3508
1058 112 1804 296 Die ander Thluskredi
756 247 2259 418 Sablem das anzogen, bewert sich nitt, das die
637 353 2253 505 Kilch gebott mache, die Im. gotswort dehem grunde
691 432 2313 568 haben, vnd doch in gewussen binden sollen, darum
687 529 2319 667 Ist mit wider vns, Das aber Ingezogen, von der viert
699 602 2293 762 zig tagigen fasten, Mose, gelie, vier Christi, dient
693 679 2283 860 hiehar nichts, Si sind nitt bin luten gewesenn,
683 772 2279 906 darumb hat Si gott der herr, aue menschliche Opis
689 860 2301 965 erhalten mussen, Das vom liden Inher gezogenn
677 947 2299 1099 wir sollen vmb Christus willen etwas liden, das Ist
677 1034 2248 1164 zu verstan, von dem liden, das vns gott zuschickt
691 1109 2313 1265 vnd nitt das wie Oitbs er wetten, wandlen Sol man
673 1200 2269 1358 wie Christus, In aller zucht vnd liebe, Aber nitt
677 1277 2283 1442 das man darumb, vierzig tag vnd nacht, ane Op is
683 1367 2265 1535 musse sin, Is wirdts ouch der Schulmeister wol
695 1454 2297 1596 bliben lassen, Amst mußten wir ouch todten ufer¬
695 1547 2196 1721 wecken, und andre wunder tun, die der herr
691 1661 1212 1792 gewarckot hat,
1101 1723 1602 1900 Wexius grad
714 1894 2303 2096 Martin buijer hat angefangen zu andtwurten, des
689 2019 2263 2155 die kilch niet verbiete, fleisch zuessen, oder anders,
718 2113 2309 2261 Ounders gott, von der Frgermus wagen, Sagt min
706 2198 2330 2364 Das Pant Paulus, den amognen Oppuch zum Romern
708 2281 2326 2459 am xiiii. bedijte vff die Schwachen, vnd name die
693 2378 2287 2540 für starck Im glouwen, die da alles essen, das gott
706 2480 2277 2624 ersthaffen hat, Het aber mitt dem, noch nitt be¬
699 2587 2291 2711 wirt, das Ich angezeugt hab, Er solt haben bewiet,
695 2646 2311 2796 das dise ding nitt gut waren, wann Ich heb te nitt
712 2725 2315 2893 mer angezogen In Infurungen diser Spruch, dam
