2479 3508
2016 152 2158 255 240
916 175 1667 348 Die funste Thlussredi
549 317 2074 490 win, harfur hat getragen, vnd als Paulus zij den
562 418 2074 564 Hebreern bezugt, Das de hein Priester nitt Ist,
541 508 2158 648 der nitt opfrot, muß volgen, das ouch Melchisedech,
560 582 2082 730 etwas heb gropfrot, Es wirdt ouch mitt de heiner
549 658 2171 842 Othrift bijbracht, das Melchisedech, brot vnd win, nitt
547 763 2105 909 vor hab vfgropfrot, Ee vnd Er Abrahe Solichs har:
537 852 2134 992 fur habe getragen, wann der text heitter Opricht,
553 920 2148 1082 Er Ist gesin ein Priester des obristen gottes, dem
543 1025 1897 1187 van noten ouch zugehort het zuopfren,
955 1165 1615 1323 Werchtoldus Haller
516 1288 2107 1494 Sie bekennen mitt der Christ, das Welchisedoch ein
1204 1451 1391 1512 „ gottes
543 1436 2193 1580 Priester des alter christen „ sije gesin, Das Er aber Abra:
560 1531 2134 1681 ham, brot vnd win hab vfgropfrot, oder vorhin gott
549 1609 2140 1749 dem Herren, erfindt sich nitt In den text, durch
551 1699 2206 1852 den Schulmeister amogen, Moser hat sich benugt,
545 1788 2088 1959 das fr anzoigte, Welch ist sach ein Priester etc. des
560 1874 2171 2025 aller hochsten gottes, darus demnach wol vermerckt
556 1973 2148 2130 wirdt, vsl. dem heiligen Paulo, wohin Bolche fi¬
547 2055 2138 2218 gul. ditet vnd landet, fo haben den Opruch, vff vier
553 2142 2173 2302 fürnamen angezogen, damitt zu bewaren, das masß:
562 2220 2099 2401 opfer, So geburt min vch, das Ir probieren, wo
547 2300 1981 2483 Melchisedech win und brot geopfrot habe 24
973 2440 1652 2611 Johannes buchstab,
609 2590 2164 2808 Diewil Ir nitt finden, was Er nach 8 mem prie:
568 2759 2171 2938 sterthum geopfrot habe, vnd hie aber heitter Stat,
