2479 3508
20 494 128 596 Arb.
30 565 130 681 In Im¬
28 666 122 818 daerin
32 980 136 1074 H. Cronte
24 1047 140 1165 which I am
28 1163 132 1302 9 anhero
36 1288 140 1428 haer
26 1793 138 1910 being
28 1890 132 2013 verdern
28 2005 122 2117 voe
1977 140 2103 233 158
912 115 1604 280 Die vere schlußred
563 221 2103 417 Een, dem Euangelio glauben aber dem manselio by¬
1870 369 2095 490 Zum
583 375 1849 517 schlußt Inn Im beuelchuns des glaubens
569 458 2088 565 anndern / frucht, oder werck des glaubens auch
563 525 2135 689 Zum Dritten mitt anhangenden Zeichen diser din¬
583 620 2052 782 Een zu einer bestättigung, habenn wir Inn Der
573 705 2066 861 geschichten der xii, am xvi cap: Da der huter
569 796 2117 936 Paulum vnnd Barnabam fraget Ir hern was
575 875 2129 1023 ist not. Das ick thu vff das ick salig were, haben
583 978 2050 1130 sij Im geantwurt plauw Inn dem Hern Jesum
569 1061 2072 1230 so wirst dusalig vnnd een hußgesind, wer söl¬
565 1163 2131 1311 lichs ist er gethouffett worden. Derglichen Marci¬
561 1254 2107 1388 am lesten cap: Dic da glouet vnnd toufft wintt
988 1335 2113 1481 Gossz welchem Ick stellen will
553 1355 893 1493 wirt salig
545 1438 2090 1568 Das glauben Inn In Johannis am vi cap: verfacht
553 1517 2028 1669 (wie ob angezoigt) Inn der ertheillung der
1414 1618 2080 1738 Demnach wundertt
569 1621 1159 1770 leer des en au gelij¬
569 1691 2099 1827 min her vnnd bruder, das ick die wortt ver¬
583 1791 2107 1959 stande van lijblichen essen, versachet mich zu¬
587 1894 2107 2048 sollichem die angezeigten vß getruckten wortt mit
575 1985 2137 2127 verstand vnnd erklärung der gelerten In der gab
583 2056 2139 2228 der wijssagung der orientischen vnnd occadentischen
563 2167 2125 2313 Klechen mitt wellchen, ick niet sunders, lutt minen
557 2259 2113 2396 Herren agardat zu probieren furmin. Der gleichenn
569 2319 2153 2512 liblich Christum Geessen, gebe int das ewij lebenn
1843 2435 1971 2487 "uit
581 2439 2101 2577 mitt psundem verstand weyß ich Jetzmaer dar¬
1420 2516 2151 2646 Das aber meijter vlrich
557 2538 1055 2674 wider befuegten
575 2609 2113 2741 Ingefurt hatt, ein argument, Das heill wurde an
592 2702 2056 2864 vsserlichen Dingen stan, vnd mitt an der gnad
