2479 3508
23 464 110 570 hri
23 551 108 624 ich
0 335 116 795 aber
40 780 146 915 Ehesse
17 888 141 1005 sulchen
21 2105 139 2234 andt
17 2230 123 2352 lechs
31 2321 144 2438 Dan
364 1953 464 2153 ƒ
963 141 1957 391 Die ons. Schlußred
1096 437 2036 657 Martinus vncerus
711 659 2105 878 Medigen hern lieben bruder Im hern
603 807 2092 955 Demnach die ordnung miner gnedigen hern
1055 896 2074 1036 Das wec stwas zu exluwung
630 909 963 1050 vermagt
612 980 2130 1134 der warheit vermeint furzbringen, Das der¬
659 1107 2136 1244 selbigen solle gehort werden, so meinet ick ein wenig
626 1175 2115 1331 zu geijgefurer gebenred, des bichtvatters zusagen
595 1258 2147 1402 Namenl. Das er von Dem abtritt, Das immer
626 1354 2099 1516 ende herren van Berum v/ schriben vermae, Das
624 1450 2080 1616 mir mit ysthrifft gebanndellet werden soll/ Er
607 1545 2099 1693 will bewartum Das Christus mit das einige
626 1658 2059 1797 houpt sie der kirchen, Dan ob er woll
620 1737 2097 1901 nach Dem gnadrichen Infeusss In sine glider¬
632 1843 2151 2001 allem der kilchen haupt sie, so somme doch ouch
622 1932 2167 2074 annder eifenschafft des houpts deren noch sant
643 2038 2188 2190 petter vnnd sine nachkomen mogen ouch houptet
528 2097 2199 2298 Der kiechen genampt werden, Alß da ist wysen
620 2236 982 2369 vnd leren
1213 2242 2132 2402 Diß ist aber eben ein Jurid
612 2342 2107 2484 Als so einer bewaren wellt wer en wan een
607 2427 2176 2583 tweusthafft des kunigs horte, das er darumb
612 2523 2111 2669 kinnig were, alles ein kijng, soll der rechten vnnd
632 2615 2138 2787 satzungen, kundig sin, Das sind auch sine Rhaten
626 2723 2105 2889 vnnd Doctores sy mogen aber darumb mitt
2045 166 2192 283 12
