2479 3508
25 347 140 455 Yngen Ch.
17 440 136 536 mit
25 633 127 729 par
21 726 138 843 tulien
19 820 127 912 them
29 883 115 1017 hafft
21 1113 113 1200 verbl.
2 1175 111 1319 ambs
21 1280 119 1415 hie Ihr
23 1382 123 1501 Die gantz
27 1488 134 1589 Andauus
21 1987 123 2110 den
33 2092 140 2219 In aller
17 2206 100 2323 frd.
27 2424 121 2522 power.
292 1282 407 1392 634
269 1862 482 2033 E
196 2054 344 2196 144
1985 150 2096 221 215
973 150 1618 301 Die 4 Sluproed
582 253 2146 440 Das Osterlauw, int das werhupffen, oder der
618 405 2163 553 wer schritt was sonder das das fest oder
614 482 2181 641 hoth getlicher tag an dem man widerumb pot
630 584 2213 741 dancket des werschrits, da er sy wechupfft hat
641 662 2177 837 vnnd die Empter erst geporne erschlagen, Das
653 741 2223 939 Das lamb genempt wirt, der wersthuit, Da¬
647 868 2186 1029 xumb Das es sein genem massen, oder vsserliche
658 960 2200 1129 oder Sacramenteiche spijs was, die man ge¬
653 1056 2240 1230 meinlich mit einandern brucht vff derselben
628 1163 1516 1313 Dancksagning vnnd vermag
1728 1173 2211 1303 deses vortt
626 1259 2198 1428 In hebraice an Dem ort allso also viel
637 1361 2146 1528 Als es ist ein gedechtnus es ists ein futur, es
630 1451 2238 1612 ist ein bedutnus daruf wir egentlich sachen,
620 1564 2158 1716 Das ouch die gegenwijringen wortt, Das
618 1666 2184 1812 ist nun lichnam mitzit annders Cleebenn
635 1760 2190 1916 weder Das fest vnnd das brot das am
597 1858 2186 2021 fest der Dancksaging vmbtgetragen worden
601 1962 2179 2125 Int der maß genempt werden der lichnam
591 2060 2179 2254 Christi Das sy derselb wesenlick vnnd lijb
584 2156 2179 2334 lich sijne, oder ex vneer Denen leblich vnnd
570 2269 2119 2438 wesenlich geessen werd, sonder Das sy Das
574 2369 2169 2530 gemein zeichen siend, Das Im nachtmall ha¬
580 2474 2192 2634 rums getragen wirtt Das da bedurte vnnd ein
559 2576 2238 2743 figur oder Onderaffrung sie des lichmanns Chri¬
589 2680 2173 2847 sti, fur uns getöd. His werdent vnsere gegen
580 2793 2221 2956 secher verletzt vnnd meynend es sy frauen, das
