2479 3508
266 1070 350 1256 8
2053 91 2182 210 luij
1099 95 1796 281 Die. viiii. Schlussredi
609 228 2193 432 gipter werden Jun mitt Schlichtopfern und gabenn
616 337 2330 487 vereren, und werden gott geloben is, So min gwust
636 452 2262 578 Ist, das die Christen (die wir hie geen erkennen, vnder
627 543 2211 696 den vergiptern verstanden werden) nitt vich geschlach¬
620 629 2233 764 tot vur geopfert haben, Qunders Oi haben Sich Tabbs
616 715 2233 864 gott ufgropfpot, wie ad Romanos xijo. Etat, So volget
627 786 2244 968 ouch, das f saijas, grad als wenig van gelubden, die vs:
631 897 2164 1039 serthalb dem glouben zind, redt, Als wenig fo von
607 972 2239 1116 vichisthen Opfern redt, Er quid aber figurlich redenn,
401 1088 2182 1232 In da man mitt den worten, die man Im alten testa¬
614 1150 2299 1291 ment, zu den vssern opfern gebrucht het, Im mij mw:
622 1247 2219 1409 en testament, vande den Innern redt, Als Daulo gar
631 1320 2182 1477 bruchig Ist, vorus ad Hebreos etc. Das argu¬
627 1422 2193 1555 ment a minoriad mains. Solle man dem ment:
645 1497 2188 1668 sthen gelube halten, So solle man es ouch gott hal¬
629 1597 2180 1754 ten, gilt hier mijt, Oann gunst wurde volgenn,
640 1683 2208 1819 Es sol niemand In dehem mentsschen vertouwen, ende
636 1772 2208 1898 solte man ouch In gott nitt vertruwen, Oesthalb
638 1854 2239 1980 So der glaub, der In een einigen gott Etat, die gelubde
653 1962 2195 2067 vslärt, von denen wir hie reden, vnd aber wen der:
647 2011 2248 2193 selb gloub, die gelubde, die wir dan nächsten thund,
640 2126 2149 2290 beuestnot, Oann Je das gibt der glous an, das
625 2231 2151 2377 Der mentsten getuw vnd war zije, gegen & niem
638 2288 2222 2432 nachsten, So volgot nitt zu argineren wie obstat
647 2390 2199 2554 Der andren Orten halb, vorlassen wir vns vff
633 2492 2113 2669 die geschrift gulbs, vnd empfelchen dieselben,
636 2576 1495 2773 dem Christenlichen läser,
1170 2691 1836 2877 Johannes bijchstab,
1460 2844 1557 3001 11
