2479 3508
322 1406 630 1559 # nimmen
725 219 2272 425 Denempt hatt Ja spricht er ein Brett vnd
762 345 2315 520 ein lichnam, sind wir die menge Merck
774 471 1454 611 man hie erstlich
1920 485 2296 613 Das er hie
772 531 2311 737 Die menge Toos och voor multos nempt
733 655 2305 816 die er vermals genempt hat die gemeind, ende
750 750 2267 917 spricht Das die menge sie ein brot vnnd
756 863 2255 1047 een lichum, mett das so einen lichnam
745 954 2305 1119 Christi geessen habene somdes wie hernach
785 1070 2284 1243 volgt. Das sy von einem brot, (vnnd
768 1163 2317 1315 mitt lichnam mitt ein anderen theill hafft
791 1272 2302 1450 sinde hie hanne wir ein besonder wortt
764 1379 2263 1553 Der theillsame oder uijtheilling neccxomeije
768 1489 2284 1673 vnnd hebben, Das wort, t'givarian vss.
698 1586 2257 1799 welcher erklering ich een Jeden Christenn
735 1706 2243 1898 heff offenbar sin Das paulus int sagen
735 1838 2247 1980 woll, Das wir mit, essen eines lichnams
816 1933 2261 2117 lieblich) om lijb Christi werdens, Dan
774 2038 2290 2170 volches Dem glauben, vnd der warcheit
743 2139 2269 2340 wider Ist Vrsach, wir werden # allein
758 2263 2329 2457 In einem, geist einig, vnnd Inn einem glauben
593 2255 684 2400 0
710 2377 2315 2575 der van Dem peist kumpt wer das
659 2476 2319 2691 lyblich essen Des lichnams Christi Dis
2028 2602 2290 2738 Dis
626 2618 1997 2788 ein gkeit der vilchen mach
706 2664 2331 2885 mag, mit kemer g schrifft bebracht werden
2189 2796 2311 2938 Das
748 2815 1989 3009 Daruss grundtlich ermessen wirt
