2479 3508
489 3304 754 3461 Dans les
835 387 2259 575 Jaren machet, vnnd Inn vnnser hertz vydet
804 505 2244 627 welches ouch Inn der warheit kein anders
837 597 2246 732 ist, von dem das vssereich geprediget, oder
1720 691 2266 809 Diss beruffung
822 693 1678 839 In voorschrifft verfasset ist,
843 784 2244 926 erluchtung vnnd ernuwruw der hertjenn
841 865 2222 988 nem Ich gepurt der Kirchen 1a petri u. ha¬
822 966 2211 1095 bend ein andern Inerunstig lieb von remein
824 1056 2181 1210 hertzen Alß die wider geporen sind, int
837 1150 2168 1292 vsss. ein sterblichen somen, sonder vsz. enn
832 1208 2249 1342 vnsterblichen durch die wert des läbendi¬
832 1326 2211 1453 gen gottes, der Inn ewigkeit belibt, dan es
833 1414 2233 1565 muß die gesteich gepurt der kleggen ouch
843 1521 2253 1663 von eim somen, sin welen cher wer int
828 1591 2275 1750 flasten vnnd blut, noch keins monsthen willen
837 1691 2236 1827 Johannis 1o, enich int ein Zer. geschluch sonder
793 1794 2272 1934 Das ewig vnne labenudig wort gotes, des vnst:
828 1888 2266 2026 Sell Capt. ermuwert vnnd wider geporen wirt
833 1973 2297 2141 (So der peist gotes, das In vnser hertzen pflantz
828 2072 2246 2225 Tot. Dan es Je sind wort des ewigen labens
822 2185 1285 2338 Johannis vj o
1375 2185 2255 2323 Unne wie sij vss. Dem wort
824 2275 2211 2426 pottes, erluchtet ernuwert vnnd wider ge¬
833 2406 2198 2528 pooren wirt/ allso blijgt sy Inn Im hangot
841 2463 2229 2629 sijn allein an vnne hort int eijstinnen ops
822 2555 1186 2707 frombden
1339 2570 2212 2729 Das ist das Christus be¬
837 2600 2242 2771 zufet, mit der glichnus des hirtenn, vnd
826 2747 2231 2922 Der schafflinen, Johannes, am xo. den schaffen
1812 3367 1938 3468 -
