2479 3508
2057 200 2164 289 42
565 367 2094 548 Des hern empfangen, han Dormus es dan ven
585 486 2142 651 einer gemeiner Christenlichen versammen ver¬
571 575 2082 740 standen wirt. Dem ich eenis weijs wider¬
583 674 2107 835 sprick, somnders volgt Darnsz wie vormaes an¬
565 773 2119 946 zocht ist worden, Das sollichs gemeine versamling
559 876 2150 1039 Im geist des hern versambt, onch hab zerichten,
546 989 2125 1144 Die scharfft vnnd zevrtheillen, Dan Je geschri¬
561 1084 2197 1268 ben stat der geistlichen richt alle dingen, Hie nimpt
552 1177 2086 1348 die gesthrifft midt vss. Das aber min her¬
517 1286 2117 1451 Doctor wyter Inzucht vff die wort des hern
534 1379 1119 1532 Da er allso sagt
1315 1373 2092 1519 welcher die kilogen
561 1484 2115 1653 int hort. Der sy Dir alles een theil ende wie
540 1567 2195 1748 Das söllichs vom Innerlichen gerstlichen monschen
550 1670 2055 1845 verstanden soll werden. Der da alle ding
567 1779 2063 1938 richt zu dem glauben vnnd zu der liebe
552 1874 2063 2024 Sag ich das darzu Das vnto hie der her¬
552 2001 2125 2129 hatt willen, anzoigen, ein vsserlichen sichbarlichen
557 2074 2105 2214 richter Damit wie In Spennen vnnd zweij¬
559 2177 2086 2352 spaltigkeit zu friden vnnd zu eingkeit vum vrs
557 2280 2096 2426 rechten vmbeflecken glauben komen mochten
534 2379 2065 2535 Dann der her In seit, so er dich nit hort
544 2492 2142 2659 so nim ein oder zweyende zu dir, so er die selben
536 2577 2138 2746 onich nit hören will, so sags der kirchen, musst
544 2680 2175 2855 Je ein vsserlich, sicherbarlich klechen sin, Dann,
532 2777 2170 2976 In schimpfflichen zehoren over das uns der
