2479 3508
15 488 112 568 en
15 583 147 699 Christen
26 678 138 788 Einzug
26 781 138 887 In
4 879 140 995 Ist sein
15 1300 130 1399 and montant
28 1379 127 1535 früße
24 1522 132 1604 & christe
50 1585 142 1695 Das
24 1686 149 1800 and agtte
30 1785 153 1921 ist vnnd
35 1893 130 2012 geradt
17 2027 134 2135 tken mij
35 2135 123 2224 mt
41 2306 121 2420 te
24 2416 114 2554 inder
160 792 253 946 61
1863 201 1980 291 103
943 175 1600 361 Die erst schlußredi
451 330 2070 531 recht. Aber das wortly einig mag die
468 479 2098 630 red nit erleden wenn nach der potheitt
464 557 2198 732 so ist er einig mit pot Dem vatter vnd helpenn
464 656 2105 846 geist, Das sind min drij personen, Das ist got
473 749 2107 924 Der vatter port der Sun, gaf der heillig geist
464 835 2122 1038 Die drij sind das recht wesen lich heupt Da
486 952 2187 1148 christenlichen kilchen, Diese wij regierend, leben¬
475 1073 2062 1256 den machen Im leben behalten vnd das heill
490 1168 2090 1338 geben Dornus mag int gspit werden Das
1554 1267 2129 1395 Ober woll Das
490 1293 1468 1457 Christus sis Das einig houpt
477 1358 2077 1554 hampt der Christen enchen kirchen, mit got. Dem
490 1481 1332 1634 vatter vnnd heilligen geist
937 1572 1481 1755 Zwingkly
509 1714 2031 1891 ulx gutt her erkent noch int (das ob glich
430 1828 2075 1997 dry personen Inn der gottheit, sind die dry
494 1936 2081 2096 personen, undt destermunder ein einiger get sye vnd
479 2018 2107 2178 Das so von Dem vatter geredt wirt, oder vom kijn
1354 2109 2129 2275 Mudtdestermunder vnder¬
477 2129 1289 2275 oder vom heilligen geist
479 2224 2053 2377 Geschlichs „ person, Der einig yet verstanden wirtt
490 2323 2003 2485 Da mit not. ist lenger von zesagen dan is par
477 2424 915 2567 spötlich wer
967 2422 2059 2554 Das man in der loblichen
471 2515 2159 2675 Insentatien liesse sollich argevenige argument machen
477 2610 2096 2770 die da vnderstunden, die einigen einigkeit des
471 2716 2152 2865 einigen pottes Ze velen oder vill machen Darumb
453 2815 1634 2973 das drij personen sind. etc.
