2479 3508
17 1230 115 1358 Ihre
17 1460 106 1566 in the
22 1542 112 1650 ten gar
24 2266 112 2426 heifft
173 2128 450 2359 Thossa
201 2268 554 2418 In verder anderen
212 2387 396 2532 epijtell
229 2524 491 2714 26
1927 175 2057 303 95
1057 167 1628 329 des erst schluß reden
510 314 2152 519 Durch die lieben heilligen zu luttring vnd er¬
532 452 2128 577 kantnus biblischer verstehrifft mein ich ouch pot
541 547 2165 692 Der heillig geist, mog Inen die ingesprochen
519 634 2255 772 han, sonderlich die geschrifft, die von gememen
541 733 2193 884 christenlichen kirchen angenomen ist, Is stat ouch
538 826 2243 977 gesthrieben In den geschickten der apost am xix capi
541 915 2221 1075 vnd xvi cap: Ir sollene haeltien die pott der
534 1008 2204 1163 zwolffboven, vnnd die bruch der eltern, spricht
541 1120 2230 1274 ouch prlus / an der 1. Episte: zijn Chorm: xi cap:
556 1198 2158 1356 Ich lob ich mijne bruder Das ix In allen
567 1274 2234 1429 Dingen min ingedenck sind, Als ick ich mine
560 1367 2225 1546 pot geben hab verheissent Inen dabey die anndern
564 1481 2188 1626 Dingen will ick vth auch ordnen, Wen ick zu
1122 1570 2227 1730 Man findt aber nieuand geschri¬
558 1592 926 1726 Noch kom,
543 1663 2180 1816 ben wo er das geordnet haer hatt aber Inen
525 1769 2124 1948 Jan Zwyffell gehabtten, was er Inen verheissen
1905 1881 2137 2026 Das
534 1877 1782 2048 hatt. Spricht auch die selben Cap:
560 1961 2186 2121 sagt ich vie vnnd int der ger Seitt Da van Co
1032 2072 2134 2238 von sollichsen bruchen findt man
564 2089 921 2227 sachen ende
543 2169 2119 2344 onch gestrieben zum Collossen van am ii cap:
575 2275 2098 2435 die uit all geschreiben stand allß ick mein
1090 2405 1481 2589 Zwinglij
618 2543 2132 2751 Aen ter Anclaus. Was wellennd so mit
543 2701 1631 2880 Denen worten allen Infuxen
1153 2842 1477 2980 Seuger
