2479 3508
18 1186 110 1314 sonder
26 1368 112 1463 nomm
1994 219 2121 317 76
1067 161 1689 347 Die erst Schluswede
696 323 2227 572 Cromen Christen, alss her Berchtoed an¬
664 490 2201 678 zucht, Die Epistell zum Corinthern, 1a Im
1144 568 2287 764 wie got der abmechtig mancher
684 636 973 772 xii cap:
666 710 2269 865 lep paben geben hatt, sinnen lieben Jungern Cas
662 772 2171 949 Im Doch niemand ab ist, Allen christ
666 831 2231 1055 glouggen, monschen ist woll wijssend. Das
674 1001 2215 1164 pot der allmechtig die monstgen begabet
672 1083 2171 1250 mit mencherlei gaben vnnd Dennocht ein
652 1174 2231 1358 Jedes christen monsten, belich lob vnd Danck
648 1298 2203 1475 gesagen schuldig ist, mit was gaben er Ine
1529 1390 2199 1533 wier In Wein so
654 1428 1322 1555 ouch bepabet hat
660 1495 2179 1655 er much anzucht, mich gefragt, es sie ein
646 1587 2143 1762 her. Darumb moge kein anderer her sin
668 1693 2135 1842 vnnd den text fungewendt, den Ich Im
640 1798 2123 1958 vorbracht han, wie der her Jesus
652 1908 2131 2074 sprach, Ich bin das lecht, den wellt
636 1990 2141 2177 deß glugen ouch zu sinen Junyern Ir sind
664 2117 1605 2289 Das lecht der wellt ende
1629 2129 2117 2289 Wer een
634 2233 2105 2383 her vnnd vill ampter sind woll, pot sy
634 2323 2137 2496 ein her wesen lich vnnd ein licht wesenn,
630 2440 829 2548 lich
1091 2426 2145 2600 Aber sin Junger siend ein liecht
640 2526 2149 2682 par cipatiue Das ist theilhafftigkeiten old van
634 2636 2129 2817 Im empfengklicen Cover min nachgel.
628 2743 2147 2931 lassenn het, Her Berchtold Das die
