2479 3508
1143 95 1839 289 Die viiij. Schlughreden
595 240 2180 382 stus vE nimpt, wie obgemeldot vnd der heilig Paulus, vn¬
588 365 2132 493 der andren cijtenschaften eins Visthofs oder Pfarrers,
595 439 2248 569 mitt, vs getruckten worten, meldot die Er, So volgot, wie
590 531 2269 675 Paulus gulbs redt, prima Thimothei. iiijo. das die fe ver:
590 612 2244 778 bieten, Ist des tufels ler, vnd der forigen geister, dar¬
601 687 2271 822 us ermassen wirdt, der ersttrockenloch Jothums des Bapst¬
601 801 2229 953 lichen Regiments, Das niemand zu dem Gisthoff¬
603 888 2269 1010 lichen mixt Ist zugelassen, dann der, So ue te labte,
605 976 2189 1132 vngeachtot was verruchten labens, Er sunst ware,
616 1042 2250 1219 Is gebutot ouch Paulus j. ad Cornithios. vii.o das Hu¬
624 1149 2235 1316 w' zu vermiden, ein getlicher (nimpt niemand vs)
609 1244 2204 1407 Sin wib, vnd faij Fettiche Iren man habe, und wider:
620 1337 2246 1493 umb, welche Eich mitt enthaltend, Sollen Dich veree¬
616 1419 2233 1596 lichen, dann wager Ist Sich vereelichen, denn berunst
614 1516 2187 1681 liden, Als ob Er sprach, die nott wirdt zu der fe
609 1628 2233 1773 triben, dann so gott nitt gibt die gab der Reinikeit,
618 1695 2204 1851 gunders last den lib, In siner ersten Schöpfnug vnd
603 1769 2299 1934 wt bliken, wirt ein Jntlicher gott saliger, wol getrun¬
607 1885 2218 2062 gen sich zij vereelichen, So fr acht mitt gutter ge¬
628 1970 2248 2159 wuszne laben wil, Damitt Ist die Schlusfred
624 2064 2214 2244 guijgsam erlijtrot, vnd befestigt, verhoff ouch, Es
628 2159 2180 2305 werden all Christen geneigt sijn, Solich Ergernus,
620 2239 2183 2410 Davdurch gott verlestrot wirdt, ein gangen christen:
626 2334 2273 2507 liche gemeind verergret, vnd das wort gottes In manch¬
633 2452 1457 2609 om geschwecht, abzutien,
1227 2509 2358 2737 Jacobus wurben, Predicant Twesen
1282 2663 1620 2792 zu Bielum
580 2714 2193 2902 Ersamen lieben Christen, Ich bekennen hoe offenlich,
