2479 3508
750 222 2297 460 voor Inen sebbs har, So er allso spricht. Welcher
756 381 1605 506 Nun Das brot essen wirtt
1869 397 2294 486 da horen wir
1587 462 2200 617 konne so ver er
738 472 1444 599 Das erst brot nempt
740 540 2242 710 meinte vns schuldig werden an dem geessuen
1960 649 2309 768 welcher
740 635 1930 788 lichnam, so mußt er peredt haben,
752 730 2297 885 min den lichnam vnwurdig isset, vnd int gar
786 835 2286 990 welcher Das brot vinwunderg isser volgt crijter
752 917 2274 1061 noch trincken wirtt, das tranck des herren
768 1020 2230 1177 vierwurdig, nempt es aber tranck vnd nitt
1329 1121 2236 1266 Eber disse worten wurdig
744 1139 948 1234 blut
758 1165 2230 1365 herssz. allso vill. by paulo vnnd Luca iij
768 1280 2311 1468 Als geschickt, komlich, oder zu gehorich vss. Dem
750 1405 2258 1544 eckemitt wirtt, Das hie vnwurdengklich nitt
776 1484 2331 1667 verstanden soll werden, Das der monsten neijw van
762 1573 2319 1744 mochte gnug wurdig sin, zu Den aber kleinsten
740 1667 2303 1831 pabenn pottes Darzu auch die aber den
734 1762 2353 1948 lichnam Christi geistlichen messen, welches doch
748 1877 2353 2026 vill em anneer essen ist, weder Das lijblich ware
734 1972 2321 2133 Darvon sy sagen, den hatt pot wijrdig gemacht
750 2053 2367 2222 Daruss nun volgt, Das wurdig essen nutzit anders
756 2133 2268 2280 ist, weder mitt dem rechten glouwen harzu
1123 2228 2375 2405 worwurdig essen, aber mutzit anders
750 2274 1073 2405 komen
724 2337 2301 2474 weder, aus glouwen harzu komen, Da aber
722 2417 2280 2591 Der glons einig ervordert wirtt int zeglauben
738 2514 2294 2694 Das fleysten vnnd blutt, lyblich da geessen
736 2593 2272 2774 Tweres Dan Das gnugsam en sochten ist
750 2704 2232 2859 Das aber wir darumb khems verheissens
764 2780 2319 2970 gotswort, haeren, sonder glouwen. Das der
