2479 3508
151 1573 438 1751 prima
1216 129 1869 316 Die viiij. Schlussere
583 265 2191 425 Der Opruch Actorum. v.o Cas man gott mer Ochuldig zijn,
574 392 2185 526 dann dem Wentsthen, mag die consequentz nitt erli¬
583 462 2167 578 den, vnd von kurje wegen, ende bevilch Ich mus teils,
578 539 2090 681 euch den Actis, vnd Cristenlichen liser, Dag also,
568 635 2174 778 Paulus hat drij mal gesprochen. 1o. Cornithiorum. vii.
585 719 2266 907 wie gott een Jecklichen berust hat, Also wandle fo 1
1098 857 2154 1061 Doctor Johannes Decolampadius,
583 1036 2248 1236 Der Ochulmeister mag mit beweren, durch den Opruch
535 1181 2222 1306 Actorum. v. Oann In glichem val, wo einer etwas
585 1245 2303 1363 verhieß einem mentsthen, das zu mercklichem Othaden
570 1339 2272 1468 des mentschen dienot, Ool fr es nitt halten, Also ouch
570 1429 2283 1573 So Indem gelubd, das gott geschicken, ftwas erfunden
581 1516 2246 1632 wirdt, das der fr gottes nachteillig, Ist ouch vnbillich,
587 1604 2156 1755 solichs gehalten werden, Witter vff den Spruch
587 1689 2189 1845 Pauli, vss der ersten fristel zu den Cornithien, om
554 1777 2316 1904 vii. Daerfr. Opricht, Ein Jeder blibe In der beruffung,
561 1869 2215 2007 In welther fr. berust Ist, On redt Paulus, van dem vs:
592 1948 2231 2099 serlichen stond, deren oo zum glauben berust wurden
572 2040 2270 2185 Als der knechten, vnd der besthuttnen, Nun Ist der¬
587 2136 2191 2290 Cristenlich glaub, nitt an Colche staende gebundum
592 2213 2161 2378 Dann wolt der Ahulmeister also arguieren, Es
585 2301 2196 2448 sel bliben ein Ieder fudem Stand, als Er berust Ist,
574 2402 2128 2564 So wurde Er allen Christen, oo zumij glauben berust
592 2474 2196 2627 werden, die te abschlachenn, Also beschlijst des Orgu¬
578 2605 1085 2735 ment ouch mijt
1144 2678 1779 2860 Johannes buchstab,
