2479 3508
230 1428 385 1601 189
2058 192 2193 297 251
927 198 1643 379 Die funste Schlussredi
562 324 2132 508 Christi, vnd also an das gnaden liecht furen, Noch dat
571 474 2106 600 vnser cilegißmus, hats Christus alles gethan, und voll¬
577 543 1382 659 endot, So tinne Is mits
1108 634 1573 819 gidius muver
1308 767 1415 899 26
607 834 2167 1003 Das Er Opricht, Es kom niemand zum Oun, Es zije
567 975 2115 1057 dann, das fun der vatter züche, darwider sind wir
577 1026 2150 1188 nitt, Ounder wir bitten gott een herren, In Ampt
571 1112 2098 1266 der heiligen Misz, vnd halten Im für, das tiden
567 1196 2123 1337 Dies Onus, das vns der vitter gutentlich, zusten
573 1287 2110 1409 Zijchen welle, vnd willen das nitt tin, vnserm
522 1369 2092 1523 twalt, oder eigner natur, Qunders mitt hilff der
567 1476 971 1634 quade gottes
977 1557 1567 1740 Martinus Buger,
611 1723 2129 1915 Solichs tund alle Christen, Er hat witter gefragt,
581 1845 2119 2016 was der dienst bij gewesen, dauon Lucas Acto:
567 1944 2153 2123 rum. xiijo. meldet, Sag Ich, so fst ein ernstlich ge¬
560 2041 2117 2207 bitt gewesen, dann dis bitten allweg gemenilich
554 2089 2186 2300 zum Jasten, In der Schrift gesagt wirdt, Ooch Oost
564 2205 2157 2382 ouch, die vbruijg der lermittgangen, Carumb mckot
474 2273 2167 2460 Lucas, Propheten vnd lerer, mitt aber Nacerdoters, das
560 2357 2203 2557 Ist op ferer, Das Er wer fur geworften het Erasmun
548 2450 2115 2643 Roterodamum, fft bich zu verwunderen, dann bisschw
546 2532 2172 2702 haben Ei, bij der alten vertolmet thuijg, die Oi Jeronimo
543 2629 2138 2827 zuschriben, welken bliben, wir haben zwoij haller opt
541 2744 2207 2911 an gezöngt, da man Acht, das om dienst hier vol versjan¬
531 2833 2142 2970 den werden, Paulus nennet die waltlichen obren
