2479 3508
261 122 428 297 ad ipjus
598 168 767 253 ad 10/05
800 105 935 284 Sr
463 152 552 278 1er
1043 147 1704 345 Die dritt ende hlussred
463 265 621 428 14
632 272 2325 476 Nes Stat/Lachem, niet lachen, Das ander tot Canielis,
695 415 2317 539 Ist euch nitt wider vns, dann Je billich Ist, das, der von
680 489 2249 638 gott barmherczikeit erlanget het, das Er widerumb
693 560 2275 722 gegen sinen nächsten, ouch bremhertikeit bewis¬
689 642 2258 792 Damitt Ist aber noch nitt bewart, das dieselbigen
668 733 2315 893 werck, die gottlich bawmherzikeit verglichen mochten
693 811 2277 979 Ounder een belibt allez gnad, wie zijn Romeyn
680 899 2273 1032 am. iij. vnd. iiij. charlich anzo. gt wirdt, Daß
685 986 2281 1167 alles gnad etc. vnd mitt verdienter lon, Amst
674 1070 2319 1234 ware es de hem gnau, Das wir ouch xi. ad Ro:
666 1163 2226 1314 manos haben, Doch ware wer vy gunst, der
691 1243 2315 1388 einig Opruch zijn Romern am iiii. So halten
706 1335 2317 1466 wir nun, das der mentsth, gerachtuertigot werde,
708 1428 2268 1582 aue zuthun der werck des gesages, allein durch
697 1508 2254 1685 den glauben, Das aber vs dein. i. und xviije.
720 1590 2292 1765 t'silmen, angezogen Ist, vtat nitt Jan Hebrei¬
712 1700 2319 1877 sthen, wie es anzogen Ist, Ounderij also, Ich hab
699 1795 2317 1969 min hert geneigt, zu tun dine bitten, evencklich,
693 1860 2321 2024 entlich, van Ist myer für und fur, Miss. haben
689 1944 2304 2117 wie allein geandtwurt, zu erklaren die Ingezog¬
680 2039 2275 2214 nen Opruch, Sunst ware schein andtwurf van
680 2134 2273 2298 noten gewesen, dann ende nitt bringen, dis wir
687 2195 2306 2397 die salikeit vsz. vns verdienen, oder gnug tun, des
682 2300 2271 2447 vnsere werck, die taben gottes verglichten, we¬
693 2388 2266 2565 licherley verdienst, wir nach der Othrifft, allein
703 2504 1076 2626 verneinen,
1110 2551 1795 2740 Johannes buchstab,
676 2740 2165 2940 Die erlijtning der hebreisthen Christgabbi
