2479 3508
17 838 114 937 mehr
2000 203 2125 314 85
960 155 1527 348 Die erst schlusreden
633 408 2123 579 einfaecken, ein schin mochte haben, allß ob
635 509 2137 643 mer eingkeit Im glauben zu hoffen, wer¬
681 621 2201 786 wo die sachen des glaubens, durch ein ge¬
645 699 2180 892 mein Concilium entstheden wurden. So er¬
631 811 2197 981 man ick vch lieben Christen, In wellend In¬
641 906 2234 1084 denck sijn. Des so ick vch, het vß geteckt
662 1003 2232 1198 verschrifft hall vnnd klar hab dar gethan. Nam
641 1127 2257 1289 lich das rechter verstand des wort gottes
660 1229 2197 1359 vnnd einigkeit des glaubens durch keinen
645 1316 2197 1469 huffen der monstgen die dnoch von Inen
679 1390 2224 1585 selbs lugner sind gefurdert werden mag sonders
639 1516 2211 1682 wir mussen durch den geist gotes Im hertien
652 1599 2199 1771 ein Jeder fur sich selbst versichert werden, dis
654 1715 2238 1852 begegnet nu endtlichen allen Die get zum ewi¬
652 1814 2249 1980 Een laben, verordnet hat. Dan er berufft solche
645 1916 2218 2083 macht sy from vnnd salig zum Rheinern am
1132 2019 2189 2187 Da neben wir aber hut ge¬
652 2044 960 2187 viii cap:
672 2114 2232 2288 sagt, mag ein kilch ettliche ort der gschrifft
652 2220 2224 2379 annderst verstan, wan die andre, wie dan ge¬
660 2323 2133 2503 schucht van disem spruch, das ist min
641 2410 2305 2588 lijb, nit allein zwusthen der Kirchen, zu witten¬
635 2511 2236 2704 berg, vnd deca zu zurich, sonders ouch vill andern
935 2646 1070 2772 ƒ
654 2667 830 2787 men
1086 2631 2255 2772 wo aber Das vertouwen vff den
645 2727 2290 2919 Einigen heiland Jesum gesetzt wurde, Da hat man
