2479 3508
23 471 147 625 fesus
19 606 131 693 tretter
0 525 122 930 1.°
25 895 135 1015 bist,
21 1129 135 1267 riffs.
25 1208 118 1352 het sij
27 1331 135 1441 und
12 1439 131 1588 ein sam
29 2323 125 2404 Herrn:
27 2402 133 2531 Jaxum
1995 191 2091 324 83
1030 187 1518 372 die erst schlusred
567 326 2149 569 bringent schrifft wider die schlußend, Dann
606 465 2101 681 die so Ir zugefurt hand, bewarende midt.
1183 623 1557 808 Deinger,
1501 710 1603 839 10
681 785 2155 970 uw furnemen ist gsin, anze zeigen, Das
608 916 2244 1096 Petras sonderlich gewaeer sy geben der scheussell
590 1026 2170 1215 Zebinden vnd entbinden Im ^ himell Wenn
594 1127 2153 1302 ich das mag verzougen, Das ick mein zum
588 1215 2209 1412 therel erzoigt han so wirt ef vichtig sin wider
1406 1337 2203 1495 vnd Das Ir vill anzeigt
565 1354 1152 1499 viver schlußred
604 1451 2242 1638 mit g'schrifft, wie petrus fur sy all geantwort
598 1526 2265 1754 heil dient nit zu diser sach, zu dem spruch
583 1644 2244 1850 Johannus, etc., So Ir sprechent Christus habe
583 1773 2172 1952 Da geleistet petro vnnd allen andern Junyern
600 1875 2236 2068 Die Schlussell Spruch ick allso, Das der¬
633 2002 2234 2168 selb zu der sandtagen verheissung Capetri 24
579 2114 2161 2263 agathei xvi cap: int Denen mag. Dann
1995 2205 2176 2346 Der
602 2213 1746 2398 Die wort vnd spruch sind viglich
608 2321 2188 2512 spruch detzgenant, Blathei xvi cap: wijsst
592 2427 2180 2599 allso. Ich wirt Dir geben die schlusssel
627 2539 2118 2714 was du binest vff Dom extrich Das
583 2651 2193 2807 Overt bunden Inn Dem himelen Ober¬
617 2751 2195 2944 disor spruch Johanus etc. cap: wijsst, also
