2479 3508
20 1597 115 1726 Deßen
1913 195 2058 316 75
900 153 1543 381 Dis erst Schlusred
580 322 2149 554 Christi, Das wort so er zu Inen gesagt hatt.
572 475 2163 638 Ich bin Das lecht der wellt. Dann
584 574 2119 739 Das sy ouch liechter der wellt sigen, dan
604 673 2153 834 das potlich wort mag memor mer falenn,
586 773 2149 934 In gleicher wysz aleß ouch einer ein huet ge¬
558 848 2107 1047 nempt wirt Irt nuds an dem, ob schon
604 967 2084 1134 ander ouch also genempt werden, ende Oo
598 1067 2179 1279 Doch ein einiger Hirt Jesus Christus In ewigkeit
598 1184 775 1347 ist./
1132 1237 1774 1462 Berchtoldus
669 1428 2115 1635 oxeund fromende Christen den beuelck
636 1577 2084 1744 pottes der ampthern hall siner klechenn/
604 1680 2127 1859 vß der ersten Eerstell pauli zum Chormthern
610 1776 2094 1952 xij capiell. Es sine mancherlei paben,
620 1881 2099 2048 Aber es ist ein peist, von dem die gaben
584 1994 2107 2165 fliessend, omme es sind mancherley ampter
602 2086 2123 2266 aber es ist ein her vnnd es sind mancherleij
1079 2187 2095 2362 wer es ist ein got. Da
602 2209 967 2370 krefften,
616 2250 2185 2437 wurckt allerleij Inn Jederman, Da verstat
608 2382 2137 2548 Mengklicher Das alle ampter werde scheu
598 2493 2165 2668 Joch povallt genempt, undt dan dienstbar¬
596 2598 2181 2777 keijt sind, vnnd int herschungen, Dann
596 2687 2169 2882 Der heiligen petrus spricht, Inn der ersten
640 2795 2237 2993 pisteel v. copiell Weident den hend
