2479 3508
198 887 655 1126 prima Ddd.
256 1122 401 1269 191
200 2555 554 2721 # darumb
1107 132 1791 311 Die vj. Schlusdredi
650 269 2290 452 haben geschriben. 1a. Johannis. iio. 60 Jemand gun¬
648 392 2269 533 digot, To haben wir ein fursprachen vor gott dem
659 473 2299 635 vatter, Jesum christum, So mijn die hebben heilig¬
644 557 2248 661 en (Im) huwel. vnnd glider Christi, vnd das hopt
659 650 2280 763 Christus, fur uns bittot, worumb wollen dann sich
650 729 2184 887 Ome glider, In nitt glichformig machen, Im
653 806 2303 955 gebatt, Das fr aber Cpricht, Das buch Apotoliptis,
663 913 2203 1036 Ope nitt ein biblisthbuch, vermeinen wir nem
657 1013 2314 1117 Dann allenthalb wo die Biblisthen bucher, getruckt
657 1066 2263 1213 werden In der kristenlichen kilchen, So Ist all¬
644 1162 2299 1316 wag damitt begriften, das buch Apotalixsis, dann
644 1245 2186 1410 der heilig fuangelist vant Johans, hat dasselb
642 1361 1092 1516 gesthribenn,
1128 1437 1949 1621 Meister Vlrich zwingh
642 1595 2307 1842 Oft binnen Bilogissimum volgot nitt, Christus Est
653 1755 2295 1915 vnser mittler, fürbitter, oder fürstender 1. â Johan:
638 1847 2271 2017 mij. ij. Go Bud ouch die heiligen, fürbitter, mit¬
638 1936 2271 2081 ler, und furstander, Oann wie allein, der dagot:
621 2041 2331 2190 tes Ann Ist, den toe fuij vns erlitten hat, Also magt
653 2113 2305 2241 Noch derselb allem, unser mitler sni, So die Patigen
650 2190 2233 2365 bij gott, nach der natur und wasen, nitt gott sind,
642 2299 2177 2437 To haben ende den tod nitt fur vns erlitten, So
648 2386 2235 2544 sind zi ouch nitt unser mitler, der maß wir von
644 2489 2228 2595 mitlern reden, Da Er opricht, worumb holten
642 2563 2265 2725 ende sij mn. nitt glichtoxning gul. Andtwuort # das Jhr:
644 2663 2175 2830 ner gott Ist, und ende nitt, vnd das vns gott, mitt
657 2749 2182 2915 sinem wort vnd geheiss, Christum zu eniem
