2479 3508
22 1235 108 1333 wrouw
16 1354 112 1544 2e
22 1644 116 1723 rirens
43 1858 137 2005 dmij
1895 125 2070 292 35
964 137 1840 337 Die erst schlusreden
623 335 2129 506 lieber her pfarrer van Oppentzell, Warumb
631 441 2095 604 Der postell paulus den ban zij Die
572 535 2123 692 wederhuis des fleijths nemme Er nempt
1823 613 1944 661 Sael
617 613 2150 796 fleijten, das wir vsserlichen nemen, Godt zum
608 729 2156 868 hebrenrn/ ixa cap: Da er spricht, mit recht¬
619 817 2180 984 machung des flastgs, fur das wir sprechen
645 915 2066 1074 osserlicher rechtmachungen, oder vsserliche
613 1005 2136 1184 Dienst, bispill. Da ein kindt beterm, nach dem
635 1090 2056 1266 gesatz ensoyse die zwo turter, oder sunst
633 1223 2154 1337 thuben / nach Irem Vssgang vffopffert, macht
641 1311 2058 1452 sy Das opffer Inwendig int gerecht noch
639 1392 2132 1550 rem Darnsz dan volget, Das sellich opffer
637 1462 2195 1642 Allein ein vsserlich recht machung ist gewesen,
604 1578 2117 1742 vnnd so vill gochan Das es die frouwen
612 1660 2103 1801 widerumb Inn die gemeind zekomen, ge¬
639 1766 2080 1909 schickt hatt Daran wix woll mercken
615 1852 2146 1991 Das paulus fleischlich rechtmachungen, nempt
612 1956 2095 2103 fur vSseclich recht machnusen Also thut
637 2046 2146 2187 Hr. Im hie ouch Da er spricht gebene In dom
615 2140 2162 2299 thuffell zu verderbnus des fleijtes fur vsseclich
1113 2242 2156 2358 Dann der bann ist nietzet
600 2248 994 2387 verderbnus
631 2325 2158 2475 anders, dan weder ein voorss. satz vnnd verschliessen,
602 2436 2174 2577 des bösen glids Das vor hun vor pot schon ver¬
608 2524 2099 2670 Worffen ist, vnnd mit sunden verwürckt
608 2624 2156 2779 deßhalb der pfarrer die reden vnsers lieben
619 2715 2160 2889 bruders scolampadij int billich verwurfft
