<?xml version="1.0" encoding="UTF-8" standalone="yes"?>
<PcGts xmlns="http://schema.primaresearch.org/PAGE/gts/pagecontent/2013-07-15">
    <Metadata>
        <Creator>prov=READ-COOP:name=TrHtr:version=2.41.0:model_id=51170:date=09_03_2026_17:24</Creator>
        <Created>2026-01-27T10:34:49.923+01:00</Created>
        <LastChange>2026-03-09T17:24:43.581+01:00</LastChange>
        <TranskribusMetadata docId="13922579" pageId="112790567" pageNr="629" status="IN_PROGRESS" userId="537" imgUrl="https://files.transkribus.eu/Get?fileType=view&amp;id=OHGVINKMPOGDPPYHLGOYJXXE" imageId="95349642"/>
    </Metadata>
    <Page imageFilename="112790567.jpg" imageWidth="2479" imageHeight="3508">
        <TextRegion orientation="0.0" id="tr_1">
            <Coords points="644,229 644,2980 2361,2980 2361,229"/>
            <TextLine id="tr_1_tl_1" custom="readingOrder {index:1;}">
                <Coords points="1070,331 1265,278 1433,323 1538,284 1602,333 1673,301 1730,346 1816,297 1861,333 1916,312 1914,190 1602,190 1532,244 1474,194 1207,203 1149,145 1068,150"/>
                <Baseline points="1083,283 1127,274 1171,277 1215,280 1259,280 1303,285 1347,286 1392,286 1436,289 1480,289 1524,289 1568,289 1612,289 1657,289 1701,289 1745,289 1789,289 1833,289 1877,287 1922,289"/>
                <TextEquiv>
                    <Unicode>Die Oächste Schlusswed.</Unicode>
                </TextEquiv>
            </TextLine>
            <TextLine id="tr_1_tl_2" custom="readingOrder {index:2;}">
                <Coords points="1126,459 1181,425 1250,459 1310,425 1342,442 1384,423 1455,451 1532,451 1572,425 1596,444 1662,440 1662,391 1527,352 1318,350 1252,288 1198,316 1128,312"/>
                <Baseline points="1137,432 1163,428 1190,423 1216,418 1243,417 1269,417 1296,419 1322,419 1349,417 1375,417 1402,417 1429,419 1455,420 1482,420 1508,420 1535,420 1561,420 1588,420 1614,420 1641,421 1668,423"/>
                <TextEquiv>
                    <Unicode>Hans Wachter,</Unicode>
                </TextEquiv>
            </TextLine>
            <TextLine id="tr_1_tl_3" custom="readingOrder {index:3;}">
                <Coords points="649,590 2277,600 2277,538 1982,496 1777,558 1653,493 1530,536 1425,483 1361,536 1211,470 850,532 758,476 649,504"/>
                <Baseline points="662,582 743,576 824,579 905,582 986,582 1067,582 1148,582 1229,579 1310,582 1391,582 1472,582 1553,582 1634,582 1715,583 1796,585 1877,582 1958,582 2039,580 2120,579 2201,582 2283,585"/>
                <TextEquiv>
                    <Unicode>Nun vff Colichs, Als Er dann finucht, wie muier</Unicode>
                </TextEquiv>
            </TextLine>
            <TextLine id="tr_1_tl_4" custom="readingOrder {index:4;}">
                <Coords points="641,720 775,671 842,722 925,671 1267,660 2358,675 2358,624 1829,622 1739,579 940,639 799,577 641,620"/>
                <Baseline points="653,665 738,665 823,663 909,664 994,660 1080,659 1165,658 1250,656 1336,657 1421,659 1507,659 1592,659 1677,659 1763,661 1848,664 1934,665 2019,662 2104,664 2190,665 2275,666 2361,671"/>
                <TextEquiv>
                    <Unicode>gnedigen herren mandat, wise vff die Oiben Sacrament</Unicode>
                </TextEquiv>
            </TextLine>
            <TextLine id="tr_1_tl_5" custom="readingOrder {index:5;}">
                <Coords points="664,780 1399,743 1673,812 1765,754 2017,803 2343,765 2318,669 1468,677 1414,718 1060,669 857,722 778,671 664,716"/>
                <Baseline points="677,755 760,752 844,749 927,748 1011,746 1095,743 1178,740 1262,738 1345,740 1429,743 1513,744 1596,746 1680,749 1763,749 1847,752 1931,751 2014,750 2098,748 2181,742 2265,743 2349,752"/>
                <TextEquiv>
                    <Unicode>vnd ander Ceremonien, Oprich Ich nein darzij, Das lest</Unicode>
                </TextEquiv>
            </TextLine>
            <TextLine id="tr_1_tl_6" custom="readingOrder {index:6;}">
                <Coords points="654,872 1876,829 2051,882 2117,829 2296,859 2299,775 2106,801 2061,763 2017,803 1784,750 1671,810 1260,743 1136,788 814,754 654,790"/>
                <Baseline points="665,835 746,838 828,833 910,832 992,831 1074,829 1155,824 1237,822 1319,821 1401,824 1483,824 1564,824 1646,824 1728,824 1810,824 1892,823 1973,824 2055,824 2137,826 2219,828 2301,841"/>
                <TextEquiv>
                    <Unicode>Mandat muijer gnedigen herren, das dann Christen bick</Unicode>
                </TextEquiv>
            </TextLine>
            <TextLine id="tr_1_tl_7" custom="readingOrder {index:7;}">
                <Coords points="660,942 1931,901 2260,953 2299,859 662,859"/>
                <Baseline points="671,925 752,924 834,921 915,922 997,919 1078,917 1160,914 1241,912 1323,907 1404,907 1486,907 1567,905 1649,904 1730,904 1812,901 1893,898 1975,898 2056,901 2138,904 2219,901 2301,910"/>
                <TextEquiv>
                    <Unicode>vnd gottlich Ist, halt solichs nitt Jun, daraus Ich fin</Unicode>
                </TextEquiv>
            </TextLine>
            <TextLine id="tr_1_tl_8" custom="readingOrder {index:8;}">
                <Coords points="660,1055 784,1013 974,1060 1089,1010 1207,1049 1641,989 1976,987 2044,1036 2294,1000 2294,951 2136,914 1906,963 1545,919 1367,966 1130,919 816,987 662,940"/>
                <Baseline points="671,1012 752,1012 833,1009 915,1009 996,1009 1077,1006 1159,1001 1240,999 1321,994 1403,994 1484,992 1565,989 1647,988 1728,988 1809,988 1891,982 1972,982 2053,984 2135,985 2216,985 2298,985"/>
                <TextEquiv>
                    <Unicode>des nitt gestendig bin, Allein das sol man predigen,</Unicode>
                </TextEquiv>
            </TextLine>
            <TextLine id="tr_1_tl_9" custom="readingOrder {index:9;}">
                <Coords points="647,1115 908,1104 1010,1151 1271,1081 1444,1158 1615,1070 1908,1115 2316,1085 2307,978 2173,1034 1709,991 1653,1034 1476,998 1374,1049 649,1053"/>
                <Baseline points="662,1098 745,1101 828,1096 911,1094 994,1092 1077,1089 1160,1086 1243,1080 1326,1078 1409,1075 1492,1074 1575,1071 1658,1071 1741,1071 1824,1071 1907,1069 1990,1065 2073,1065 2156,1067 2239,1065 2322,1071"/>
                <TextEquiv>
                    <Unicode>was mitt gottlicher warhaftiger vnd biblischer Othrift</Unicode>
                </TextEquiv>
            </TextLine>
            <TextLine id="tr_1_tl_10" custom="readingOrder {index:10;}">
                <Coords points="632,1205 797,1235 957,1183 1070,1224 1303,1173 1788,1198 2098,1154 2192,1209 2290,1162 2292,1109 1809,1079 1559,1143 1463,1085 1337,1122 1267,1079 961,1154 634,1115"/>
                <Baseline points="644,1191 726,1188 809,1186 891,1185 974,1181 1056,1175 1139,1172 1221,1170 1304,1167 1386,1165 1469,1163 1552,1161 1634,1162 1717,1164 1799,1164 1882,1159 1964,1155 2047,1151 2129,1152 2212,1152 2295,1152"/>
                <TextEquiv>
                    <Unicode>furbracht mag werden, Oawus bewise Er sin Predge,</Unicode>
                </TextEquiv>
            </TextLine>
            <TextLine id="tr_1_tl_11" custom="readingOrder {index:11;}">
                <Coords points="675,1288 1218,1303 1517,1250 1953,1295 2074,1241 2247,1292 2299,1171 2194,1207 2111,1164 2053,1213 1974,1162 1656,1177 1527,1226 957,1183 675,1235"/>
                <Baseline points="686,1277 766,1274 847,1269 928,1267 1009,1265 1089,1262 1170,1262 1251,1257 1332,1255 1412,1253 1493,1250 1574,1247 1655,1247 1735,1250 1816,1250 1897,1247 1978,1245 2058,1242 2139,1238 2220,1238 2301,1241"/>
                <TextEquiv>
                    <Unicode>wir ouch das bijch Nachabeorum, hoch biblisthe Othrift</Unicode>
                </TextEquiv>
            </TextLine>
            <TextLine id="tr_1_tl_12" custom="readingOrder {index:12;}">
                <Coords points="647,1386 2220,1361 2239,1290 2076,1310 1833,1256 1630,1303 1510,1250 1418,1318 1083,1271 647,1320"/>
                <Baseline points="659,1367 738,1364 817,1361 896,1358 975,1356 1054,1352 1133,1349 1212,1346 1291,1343 1370,1343 1449,1340 1528,1340 1607,1337 1686,1337 1765,1337 1844,1337 1923,1334 2002,1337 2081,1333 2160,1334 2239,1337"/>
                <TextEquiv>
                    <Unicode>Wil doch der Judas mit anders, dann das man solle</Unicode>
                </TextEquiv>
            </TextLine>
            <TextLine id="tr_1_tl_13" custom="readingOrder {index:13;}">
                <Coords points="660,1459 784,1504 991,1442 1243,1440 1307,1483 1613,1425 2192,1446 2243,1436 2245,1376 2173,1342 1871,1350 1745,1401 1284,1350 1239,1386 662,1386"/>
                <Baseline points="671,1453 750,1452 829,1449 908,1447 987,1442 1066,1440 1145,1438 1224,1436 1303,1430 1382,1428 1461,1424 1540,1424 1619,1424 1698,1424 1777,1424 1856,1423 1935,1421 2014,1418 2093,1418 2172,1415 2251,1421"/>
                <TextEquiv>
                    <Unicode>ruften zu gott, der sijnde hunel woue, als ouch der</Unicode>
                </TextEquiv>
            </TextLine>
            <TextLine id="tr_1_tl_14" custom="readingOrder {index:14;}">
                <Coords points="632,1583 1374,1530 1453,1579 1658,1519 2029,1583 2128,1515 2341,1557 2343,1465 2089,1423 1997,1485 1765,1427 1645,1504 1483,1440 1318,1483 991,1442 784,1504 634,1472"/>
                <Baseline points="644,1546 729,1546 814,1544 899,1543 984,1538 1069,1536 1154,1531 1239,1528 1324,1525 1409,1522 1495,1519 1580,1519 1665,1517 1750,1519 1835,1514 1920,1510 2005,1507 2090,1507 2175,1507 2260,1507 2346,1516"/>
                <TextEquiv>
                    <Unicode>Prophet Cauis, thut, m i. vnd xxii. psalmen,</Unicode>
                </TextEquiv>
            </TextLine>
            <TextLine id="tr_1_tl_15" custom="readingOrder {index:15;}">
                <Coords points="643,1636 867,1634 972,1686 1072,1632 1233,1686 1301,1632 1425,1673 1545,1611 1583,1647 2284,1617 2286,1510 2029,1583 1750,1536 1545,1587 1316,1538 645,1577"/>
                <Baseline points="656,1636 737,1636 819,1633 900,1630 982,1628 1064,1624 1145,1620 1227,1617 1309,1615 1390,1612 1472,1612 1554,1609 1635,1608 1717,1606 1799,1603 1880,1603 1962,1601 2044,1598 2125,1597 2207,1594 2289,1597"/>
                <TextEquiv>
                    <Unicode>da Er Opricht, zu dir herr hab Ich minne ongen vf,</Unicode>
                </TextEquiv>
            </TextLine>
            <TextLine id="tr_1_tl_16" custom="readingOrder {index:16;}">
                <Coords points="649,1732 2331,1709 2333,1630 2023,1645 1976,1598 1758,1668 1662,1619 1431,1673 1348,1628 1233,1686 1066,1630 970,1686 652,1649"/>
                <Baseline points="662,1719 745,1718 829,1715 913,1709 997,1707 1080,1704 1164,1702 1248,1699 1332,1695 1415,1692 1499,1692 1583,1692 1667,1692 1750,1689 1834,1686 1918,1684 2002,1684 2085,1686 2169,1683 2253,1683 2337,1686"/>
                <TextEquiv>
                    <Unicode>der du wonest In den huulen, Ouch vns Christus lext</Unicode>
                </TextEquiv>
            </TextLine>
            <TextLine id="tr_1_tl_17" custom="readingOrder {index:17;}">
                <Coords points="660,1820 963,1794 1100,1856 1192,1797 1920,1775 2104,1831 2339,1773 2341,1722 1841,1690 1707,1737 1630,1696 1367,1745 976,1720 816,1779 662,1743"/>
                <Baseline points="671,1806 754,1805 838,1799 922,1793 1006,1791 1089,1785 1173,1783 1257,1782 1341,1779 1424,1776 1508,1775 1592,1776 1676,1776 1759,1773 1843,1773 1927,1773 2011,1773 2094,1773 2178,1770 2262,1767 2346,1767"/>
                <TextEquiv>
                    <Unicode>bitten Mathei. vj.e vatter vnser, der du bist In him¬</Unicode>
                </TextEquiv>
            </TextLine>
            <TextLine id="tr_1_tl_18" custom="readingOrder {index:18;}">
                <Coords points="660,1899 833,1938 1404,1865 1777,1906 1876,1856 2085,1863 2175,1908 2252,1867 2158,1786 2106,1833 2023,1788 1859,1833 1705,1782 1192,1797 1085,1861 876,1805 763,1859 662,1839"/>
                <Baseline points="671,1889 750,1896 829,1894 908,1889 987,1884 1066,1879 1145,1873 1225,1868 1304,1868 1383,1863 1462,1864 1541,1859 1620,1859 1699,1859 1779,1859 1858,1857 1937,1857 2016,1857 2095,1857 2174,1857 2254,1857"/>
                <TextEquiv>
                    <Unicode>len, oo min fo sing teels beuolchen hat den ge¬</Unicode>
                </TextEquiv>
            </TextLine>
            <TextLine id="tr_1_tl_19" custom="readingOrder {index:19;}">
                <Coords points="658,1989 2303,1970 2299,1873 1935,1899 1880,1854 1500,1927 1401,1869 1352,1908 660,1931"/>
                <Baseline points="671,1979 752,1980 834,1976 916,1973 998,1967 1080,1962 1161,1961 1243,1958 1325,1955 1407,1952 1489,1952 1570,1952 1652,1949 1734,1949 1816,1949 1898,1943 1979,1943 2061,1943 2143,1940 2225,1940 2307,1946"/>
                <TextEquiv>
                    <Unicode>borten s niet geselschaft, mag Ich, und wil das euch</Unicode>
                </TextEquiv>
            </TextLine>
            <TextLine id="tr_1_tl_20" custom="readingOrder {index:20;}">
                <Coords points="669,2089 808,2072 895,2126 1092,2051 1391,2100 1918,2038 2286,2081 2354,1982 1801,1959 1632,2012 1436,1953 748,2042 671,1995"/>
                <Baseline points="680,2068 763,2067 847,2062 931,2057 1015,2054 1099,2048 1183,2048 1267,2045 1351,2045 1435,2042 1519,2041 1602,2039 1686,2039 1770,2036 1854,2034 1938,2031 2022,2030 2106,2027 2190,2026 2274,2027 2358,2030"/>
                <TextEquiv>
                    <Unicode>wol thun, minen Christenlichen beijden vnd heeren hie</Unicode>
                </TextEquiv>
            </TextLine>
            <TextLine id="tr_1_tl_21" custom="readingOrder {index:21;}">
                <Coords points="1122,2235 1160,2260 1282,2226 1357,2267 1649,2205 1756,2262 1816,2228 1852,2254 1976,2232 1972,2123 1852,2170 1794,2121 1705,2121 1660,2166 1547,2185 1461,2183 1401,2123 1335,2136 1237,2079 1122,2104"/>
                <Baseline points="1134,2224 1176,2221 1218,2218 1261,2215 1303,2215 1346,2215 1388,2215 1430,2213 1473,2212 1515,2212 1558,2210 1600,2210 1642,2211 1685,2210 1727,2212 1770,2212 1812,2212 1854,2212 1897,2212 1939,2212 1982,2218"/>
                <TextEquiv>
                    <Unicode>Her Johannes lottstetter</Unicode>
                </TextEquiv>
            </TextLine>
            <TextLine id="tr_1_tl_22" custom="readingOrder {index:22;}">
                <Coords points="741,2431 1280,2423 1327,2459 2017,2416 2068,2452 2320,2423 2322,2324 1856,2369 1707,2320 1470,2326 1423,2369 1186,2333 1032,2382 872,2337 743,2380"/>
                <Baseline points="752,2418 830,2421 909,2418 988,2418 1067,2415 1146,2415 1224,2412 1303,2412 1382,2409 1461,2410 1540,2408 1618,2406 1697,2406 1776,2406 1855,2406 1934,2409 2012,2409 2091,2412 2170,2408 2249,2407 2328,2412"/>
                <TextEquiv>
                    <Unicode>die Ich mich begaben hab, wil Ichs ouch lassen, bli¬</Unicode>
                </TextEquiv>
            </TextLine>
            <TextLine id="tr_1_tl_23" custom="readingOrder {index:23;}">
                <Coords points="660,2521 1329,2536 1429,2493 1871,2499 1914,2538 2166,2495 2292,2536 2294,2418 2004,2459 1690,2416 1438,2465 1277,2420 1145,2472 1057,2429 955,2478 889,2429 660,2437"/>
                <Baseline points="671,2513 752,2510 833,2507 915,2504 996,2501 1077,2498 1159,2495 1240,2496 1321,2497 1403,2492 1484,2489 1565,2489 1647,2488 1728,2486 1809,2486 1891,2489 1972,2487 2053,2486 2135,2488 2216,2486 2298,2495"/>
                <TextEquiv>
                    <Unicode>ben, dann Ich mich zijn nitt versachen hab, mitt Im¬</Unicode>
                </TextEquiv>
            </TextLine>
            <TextLine id="tr_1_tl_24" custom="readingOrder {index:24;}">
                <Coords points="1371,2549 1414,2534 1476,2557 1502,2542 1574,2542 1643,2574 1645,2497 1564,2497 1545,2514 1500,2495 1472,2510 1461,2499 1446,2512 1433,2499 1421,2512 1374,2510"/>
                <Baseline points="1385,2528 1411,2530 1438,2530 1464,2529 1491,2528 1517,2528 1544,2528 1570,2528 1597,2526 1623,2526 1650,2528"/>
                <TextEquiv>
                    <Unicode>„minders”</Unicode>
                </TextEquiv>
            </TextLine>
            <TextLine id="tr_1_tl_25" custom="readingOrder {index:25;}">
                <Coords points="669,2660 780,2606 863,2657 1183,2587 1320,2619 1722,2581 1871,2628 2047,2578 2220,2596 2241,2508 1726,2517 1632,2564 671,2521"/>
                <Baseline points="683,2600 765,2600 847,2597 929,2595 1011,2591 1093,2588 1175,2585 1257,2585 1339,2585 1421,2588 1503,2585 1585,2582 1667,2579 1749,2576 1831,2576 1913,2576 1995,2575 2077,2573 2159,2573 2242,2579"/>
                <TextEquiv>
                    <Unicode>zu disputieren, noch vil, mitt den hochgelerten de</Unicode>
                </TextEquiv>
            </TextLine>
            <TextLine id="tr_1_tl_26" custom="readingOrder {index:26;}">
                <Coords points="669,2732 1707,2664 1775,2724 1959,2672 2053,2715 2252,2675 2254,2613 2121,2587 2025,2640 1923,2593 1506,2645 1186,2589 669,2664"/>
                <Baseline points="680,2689 758,2686 837,2685 916,2683 995,2681 1074,2678 1153,2675 1231,2672 1310,2672 1389,2672 1468,2671 1547,2666 1626,2666 1705,2664 1783,2663 1862,2663 1941,2663 2020,2666 2099,2665 2178,2663 2257,2663"/>
                <TextEquiv>
                    <Unicode>zugegen, Qunders alhier minen glauben offen:</Unicode>
                </TextEquiv>
            </TextLine>
            <TextLine id="tr_1_tl_27" custom="readingOrder {index:27;}">
                <Coords points="679,2792 816,2828 897,2777 1263,2769 1337,2839 1412,2769 1754,2758 1927,2839 2143,2777 2143,2715 2008,2672 1859,2722 1700,2666 1647,2711 1534,2670 1427,2713 1316,2679 1273,2722 1072,2694 681,2739"/>
                <Baseline points="692,2776 764,2776 837,2773 910,2772 982,2770 1055,2768 1128,2767 1200,2764 1273,2764 1346,2764 1419,2762 1491,2761 1564,2761 1637,2758 1709,2757 1782,2755 1855,2754 1927,2755 2000,2755 2073,2756 2146,2764"/>
                <TextEquiv>
                    <Unicode>lich zu veriachten, vff onderwisnug bessers,</Unicode>
                </TextEquiv>
            </TextLine>
            <TextLine id="tr_1_tl_28" custom="readingOrder {index:28;}">
                <Coords points="1194,2957 1239,2980 1288,2969 1316,2991 1352,2959 1410,2957 1431,2937 1549,2948 1572,2969 1668,2939 1683,2957 1718,2946 1720,2882 1508,2871 1448,2907 1363,2865 1290,2794 1265,2816 1201,2818"/>
                <Baseline points="1206,2958 1231,2955 1257,2953 1283,2950 1309,2945 1335,2942 1360,2940 1386,2939 1412,2937 1438,2935 1464,2934 1489,2934 1515,2934 1541,2934 1567,2936 1593,2937 1618,2935 1644,2934 1670,2934 1696,2933 1722,2931"/>
                <TextEquiv>
                    <Unicode>Jans wachter</Unicode>
                </TextEquiv>
            </TextLine>
        </TextRegion>
    </Page>
</PcGts>
