2479 3508
166 1215 543 1362 δροσοπιοώοιια
360 1330 585 1499 199
1069 114 1859 274 Die fuijfte Ghluskredi
1080 240 1899 404 Meister Vlrichzwingh,
686 398 2280 585 Die gesante zitt binnen Daniel, So Oi recht vfgerecht:
600 528 2292 636 notwirdt, zoigt wol an, wann die gruwlich zersto¬
648 610 2309 758 rung komen werd, Eann hetterer Prophetij, der
646 695 2299 846 zithalb, wann Christus komen soll, oder die gouw:
650 779 2271 933 lich zerstornuijg, In de hemem Propheten Ist, Das
648 859 2254 1021 aber anzoigt Ist, der verharr nu ghals des gruwels
636 951 2278 1101 der zerstornug, Ist wider Oi, Dann der Prophet
648 1031 2301 1181 Oagt, die grusamlich zerstornuijg werde Im tempel
650 1139 2233 1280 gin, das Ist Gouil gesagt, Eer tempel wirdt So
653 1210 2246 1362 grusamlich zerstort bliben, Est enim Frosopopeija,
667 1309 2301 1421 vnd wil sagen, das der tempel, So grusamlich zev¬
663 1394 2240 1532 stort werde om, biss zu End der welt, was god aber
650 1467 2231 1615 das Inen hebsten, das die wass ein Opfer sije,
676 1589 2278 1713 Der vermanningh als, Sol dich aue Zwifel menck:
674 1642 2320 1791 lich huijten, das wir gott nitt so schwarlich arzue:
659 1737 2294 1892 nen, Als die Judisch volch sich an Christo besthul¬
657 1842 2177 1962 dat hat, Das wurde aber vns begegnen, nitt 50
657 1918 2193 2031 man abbricht, das Co wider gott fst vfgericht,
665 2000 2219 2149 Ounders so wir andre trost heiland vnd gotter
659 2097 1903 2257 Ouchen, weder den libendigen gott
1109 2231 1745 2404 Tgidius muwer
676 2408 2280 2593 Sisers Opfer, daruon Daniel Othribt, mag nitt zijn
671 2543 2318 2675 der Juden opfer, dann dasselbig bij Inen noch wa:
674 2627 2334 2768 rot, Besunder es muß ein ander offer sin, das
678 2713 2212 2865 werde vfhoren zu end der welt, vierdhalb Jar,
