2479 3508
20 495 167 590 nicht ver¬
4 535 113 632 Kwärer
20 614 117 737 Darruf
22 714 171 874 Votre sind
0 874 169 1085 Die anzeigen
20 1047 183 1179 Laure Lune
26 1139 183 1248 Die wert zu
34 1240 173 1383 Cap: 3d.
1020 121 1580 298 Die vord schlußraet
1832 217 1970 292 163
586 288 717 441 er
749 252 2133 447 Doctor, Dis will ick jetzunt sparenn ze¬
612 390 2083 529 verantworten, biss zu bestchlus Esgrs artigkells
630 481 2170 578 van dem Sacrament, was ick Inn minem buijgem
634 545 2109 696 hab lassen vfgan will ich mit warheitt Dar¬
634 656 886 741 bringen
1314 630 1616 755 Hib Grs.
1081 634 2007 902 Pfarrer von appentzell
630 823 2103 968 Cromen Christen Es hatt min her pfarrer
630 928 2111 1087 von sant gaelen die klaren vnnd halen yschrifft
634 982 2174 1183 Johannis, am vi cap: anzogen, luttend aelso das
628 1131 2166 1252 brett welches ich vch geben wirtt, ende Hargegen
640 1200 2119 1361 mit vill vmbsth weiffenden reden, hatt meister
634 1288 2137 1455 Vlrich zu sollichem text, ettwas harzuthan nach
622 1369 2137 1532 Dem vnne wir in haben transferist van Ihr
640 1443 2240 1632 rommo her, Nämlich Das worten, autem verthusse
1039 1562 2087 1715 Als ick verstand, Jezunt In batien
620 1608 799 1715 aber
620 1666 2170 1811 bij vns vom Gheronimo, int interpretiert sig nim
620 1755 2160 1914 dasselb int an sonnders empflichs denen die
620 1834 2162 2001 geupt sind In grueijther sprach vnd aber vnder
636 1942 2164 2095 den aundern onch gerodt want, so von dem blut
628 2025 2178 2198 vnnd fleißich Christi, Welches ick dan wesen¬
628 2135 2206 2290 lich bekenn vnnder der gestaelt, wijs vme brots
634 2260 1671 2415 Mach lint Des texts vorgenempt
1079 2383 1510 2592 Lovingli
604 2564 2156 2782 Ich lass min autem vff alle exemplaria greca
630 2727 1830 2898 Des Enangelisen Johannis etc. 21
