2479 3508
353 1992 473 2126 11
2043 155 2161 232 304
1172 263 1878 432 Die minde Schlusfred,
597 449 2108 565 die heilig Ee, Ist keinem Land verbotten In der ge¬
591 542 2102 685 schrift, Qunders hury vnd vntustheit zu vermiden,
608 634 1272 740 allen stauden bottenn,
1154 716 1735 899 Berchtoldus hatter
601 952 2149 1117 ise Chlussered Ist Co. hutter vnd char In gottes wort
593 1052 2206 1189 das Si nitt vil und langer red bedarff, Allen Christen
583 1150 2173 1301 Ist zuwussen, das der felich Stand, van gott Inge¬
591 1229 2204 1380 seyt Ist, Benesis, 1o. vnd ii.o vnd daruen niemand vs. ge¬
583 1329 2112 1452 nomen wirdt, Oum die Christus Mathi xviije.
595 1427 2153 1564 vSzminpt, Namlich die da vntougenlich sind zij der
571 1517 2122 1649 fe, also von muter lib geboren, Ettlich von den Mant¬
589 1609 2139 1745 sthen versthuitten, Ettlich die Aich Salbs verschnitten
569 1692 2139 1841 haben, vmb des Rich gotts willen, So volgot von no.
577 1790 2086 1933 ten, das niemand die te verbotten mag werden
583 1857 2122 2018 Oann das wort kusten zin, vnd aue beladen, fas¬
603 1955 2084 2106 sot nitt Jederman, Ounder Denen Es gaben Ist
581 2047 2173 2204 Cannenhar ouch Paulus Opricht, prima ad Corin¬
583 2141 2116 2285 thios. vije. von den funckfrowen, hab Ich kein gebott
567 2230 2104 2363 des herren, waer wil dann ane fe zulaten gebie¬
567 2322 2177 2465 ten, Also ouch Paulus, 1a ad Thrinothoum. iij
565 2412 2116 2555 Is sol ein Bisthoft unstra-flich gun, Eins webs manns
559 2510 2153 2638 Der sinem eignen hus wel furstande, der gehorsame
546 2589 2155 2740 kinder habe, mitt aller redlikeit, Also ouch u Eitum
540 2665 2122 2818 1o. capite. Diewil dann die othrift, Relichen vande
544 2771 2179 2932 niemand verbijtt, niemand vsminpt, dann die Chri¬
850 3050 975 3211 .
693 3297 1517 3445 Deutsches
510 3311 610 3452 ¬
