2479 3508
1156 261 2043 427 Die zuchende Schlussred
638 431 2232 603 Diewil en offenlicher huver, mich der geschrifft, Im
607 549 2195 674 waren Mann, Co volgot, Das vnkustheit vnnd
616 620 2263 777 húrij, der ergermus halb, keinem stand ghedlicher,
611 709 1308 860 dann priesterlichem,
1200 814 1755 991 Francistus Kolb.
607 972 2182 1202 Crodij nu xx. du golt nitt vnkunsth sin, Tut
595 1119 2230 1262 Paulus mitt sinom geist, Campt den Cornithern,
589 1212 2236 1341 den vnkusthen In binn, prima ad Corinthios. v.
618 1260 2276 1469 vnd opricht witter. i. ad Cornithios. vj. wussend
593 1409 2245 1556 Ie nitt, das vroer lib, sind glider Christi, So Ich
601 1478 2180 1621 nun min die glider Christi, mach Si glider der
609 1559 2218 1751 huren, das Oije verr, wijssen Ir mitt, des der de
609 1689 2145 1820 anhangot der huren, wirdt en lib. nitt fro.
618 1776 2238 1909 wie geschriben tat, Es worden zin zwij In eniem
624 1842 2157 2002 fleisch, fluchend die vnkustheit, Diewil mun¬
589 1929 2197 2099 Im alten testament, der fleisthlichen priester:
609 1983 2276 2199 schaft verbotten Ist Leuitin. xxj.e kein huren zu der
609 2120 2191 2300 fe zunamen, Ounder ein funckfrowen, wie vil
618 2213 2267 2375 weniger mach erlitten werden, das mij nuwen te
2203 2307 2361 2452 Monsieur
632 2296 2128 2454 stament, das geistlich priesterthann, Hury¬
657 2365 2230 2528 Darumb mit so wider strabt unserm christen¬
607 2481 1944 2653 lichen glauben, Als huijder plastenn
711 2667 2155 2889 Oider dise ende thlusfred, hat niemand wellen
601 2783 1086 3003 Disputierenn,
