2479 3508
16 539 123 660 N.Y.
27 644 139 781 Nimt
20 761 132 880 sksagmij
27 945 128 1089 nstände
22 1073 123 1167 sodenn
16 1145 132 1289 vnd text.
36 1255 135 1369 h
20 1334 110 1475 dton
31 1527 128 1639 Densch
34 1646 130 1783 geste
144 950 429 1114 mit die voorss.
146 1080 388 1210 thellung
227 1648 332 1805 11
723 130 1444 292 Die viere schlussene
1904 209 2045 292 179
476 287 2059 496 darthun Man lesse int mer dan den text selbst
462 429 2036 568 fur vnnd fur/ vund wirt uit volgen daruff, an
467 507 2029 662 einem anndern ort, oder zweijen Diermidt, die ge¬
462 597 2077 763 meinsthafft oder geselschafft zur vßcheillung ergo¬
471 703 2086 853 es muß hie ouch allso verstanden werden, die ont
453 799 2056 945 die wir haben anzogen vande insonderheit vss dem
467 876 2126 1037 Johanne Zeigen vns klarlich vnnser gemeinsthafft
467 981 2122 1131 Jan. sin gemeinschafft aber dient hieher gax. undt
471 1080 2045 1221 vnd noch weniger der beschluß der andern erstell
467 1179 2052 1325 zum Chormehern Da es stat die gemeinsthafft
449 1302 2000 1428 des heiligen gersts sig mit vijch allen Ist die v
1179 1390 2079 1533 Wer wir haben ein ge¬
453 1383 1143 1509 theillung nitt vnnster¬
465 1464 1991 1630 willschafft In empfachung solches geistes Des
447 1511 2157 1688 hatt man onch zijn verhalwensern ij cap: Ist Jegend en
453 1648 1989 1832 ein gemeinsthafft oder gesellschafft des geists etc.
427 1760 2023 1922 Zu erklärung disks texto, Ist zu mercken Das
456 1852 2050 2014 paulus In der pantzen Epistell, die Chornichern
471 1928 2095 2119 Joss vilen vrsachen, zweespellig begeertt in einigkeit
1078 2059 2095 2202 vnd diewye in ettlich ouch noch
447 2092 750 2218 Hebringen
456 2135 2088 2312 gemeinsthafft hatten, mitt den abgöthisthen das dan
462 2218 2126 2395 noch zu vneingkeit dienet, so furt er sij zu Christen
456 2303 2175 2496 licher einigkent zoigt Inen an wie sy gemeinschafft
451 2402 2097 2584 haben, an dem lijb vnnd blut Christi Darumb sy
456 2521 2261 2656 billich vngetremott sollen sin vnd verder Inen fur
2148 2582 2229 2645 cette
447 2597 2117 2786 wie sij sich doch selbes bezugen soleucher gemeinstheft
447 2719 2086 2871 In den Sacramenten vnd sagt ich ree mit vch als mit
1313 2820 1421 2887 als
462 2806 2086 2990 den verstendigen. Das ist mit denen die da
1818 2925 1906 3035 10
