2479 3508
18 1091 139 1260 1.° 2.
25 1242 147 1313 mitt am
27 1289 149 1391 der damittung
39 1373 133 1491 geistich
25 1540 147 1646 tivas, dir
35 1626 143 1744 oder f
37 1738 141 1820 in Chant
29 1814 151 1932 doch darin
41 1900 145 2026 zusetzen
27 2018 123 2100 lort,
35 2069 163 2192 vergriff
204 1936 357 2071 84
1928 182 2102 337 125
938 167 1720 349 Die ander Ochlussred,
950 323 1593 474 Berchtoldus haffer,
1407 437 1520 568 18
533 488 2036 639 Eer Bichtvatter hat sich nitt vermugt, om der
554 598 2036 727 antwurt, vber den Opruch Johannis mij xvj
551 674 2192 809 Ich hab vijch noch vil zusagen, Ounderr vermeindt
556 766 2153 870 darus zuerhalten, das der heilig geist, die kilchen
556 852 2132 956 vie gelert hab, durch die vatter, das Othon nitt Ju
537 933 2049 1074 der Ihrift grundt ist, dag Ich widerumb
535 1019 2136 1162 Christus Opricht, Ich hab vich vil zusagen, Aber
554 1095 2108 1236 nitt anders, dann die Ihrift het alles guts, vnd
549 1187 2065 1330 Ist gnugsam vnd volkomen, den mentsthen zu
568 1266 2100 1426 vnderwijsen zum heil. ij. ad Chimotheum. iij.
580 1348 2083 1491 Carumb nitt gut sin mag, vnd also von dem
543 1434 2157 1587 geist der warheit nitt gelert werden, was In der
556 1507 2179 1679 Ochrift nitt grund het, verwijrend, das der geist
556 1614 2179 1763 gottes, anders gelert habe, dann In der Othrift ver¬
554 1699 1912 1875 fastot Oije, vnd das noch lut des Mandats,
872 1832 1450 2002 Alexius grad
466 1979 2110 2151 Vor Berchtold, vff Inred min er andtwur't, oder
541 2106 2136 2220 vnser andtwurt, Sagt vnd gebt nach, das der hei¬
549 2183 2143 2353 lig geist, als ein regierer der kilchen, Etwas habe
541 2261 2147 2414 verkündt, oder geredt, durch die heiligen christen:
549 2365 2161 2508 lichen Kilchen, Sagt aber, das Er mit habe gesagt
556 2441 2179 2612 oder gelert, dann das In der Biblisthen Othrift ge¬
537 2520 2173 2696 gründt bije, das gib Ich geen nach, Das aber, dis
547 2602 2136 2761 von der heiligen christenlichen Kilchen, den christen
543 2725 2136 2864 mentschen gesegt oder geordnot ist, das das nitt
