2479 3508
4 1192 111 1395 tover
23 1667 105 1817 lussens
25 1863 117 1980 andere
27 1976 115 2108 than
184 2173 343 2315 34
1899 176 2016 330 84
816 167 1315 339 die erst schlusred
475 291 2081 487 verheissen vnnd geben, So hatt er wider In die
487 437 2093 600 klaren wert, Christi, Johannes am xx cap: Den
481 519 2089 692 die wort sind so klar, mathei xvi cap: Da so
514 617 2075 774 die verheissung dasselbs istt, anzeigt, wer
502 707 2093 885 Johannes bx cap: Die lestung, alleen geben
502 780 2179 981 ist, So streckt sich ouch billich die verheissende
1579 910 2064 1046 Demnach so
502 945 1098 1098 onch vff sy all
491 943 2093 1175 ich Im ein gliche red vss der gschrifft hab
489 1123 2077 1265 anzöcht Da der her wenigen verheissht
540 1217 2083 1374 vnd aber vilen laster, Muß darumb nit
508 1311 2106 1493 In aller verschrifft allso sin, Somder hab allein
508 1395 2026 1571 em glichnus geben, nach art der ystchrifft
510 1476 2066 1677 vnd het des woll niet bedorffen van de
506 1591 2072 1798 gegen wurtigen wort sind fur sich selbs, heitter/
531 1723 1165 1872 vnnd klar gnug
1031 1859 1403 2070 Denger,
529 2068 2068 2292 Joh Red Darwider midt, das Christus
510 2229 2100 2369 allen zwolffboten, den gewallt den schlussvel
510 2321 2083 2493 geben hab. Machei xviii tap: oder Johannis
525 2413 2104 2591 El cap: Ich nae aber Darwider Das aber
529 2514 2110 2679 petro int sin sonderlich verheissung onch da
537 2610 2123 2796 geleistet sie, Das bringe by Ick glaub er das
523 2710 2125 2932 Christus petro von stund aen geleistet beige Do
1483 3279 1656 3402 Votre amié
