2479 3508
2058 127 2201 249 ¾
1132 144 1872 305 Dic. viiii. Chlusvredi
580 251 2151 443 Ich beuilchs der Schrift, vber das alles, So gehandlet
629 370 792 513 Ist.
1170 435 1765 566 Werchtoldus Haller,
612 572 1043 784 Inde wir ouch
2015 645 2128 740 14
1164 707 2025 887 Meister Ambrosius blarer,
1201 831 1969 984 Dredicant zu Costenz,
1619 926 2072 1049 Mitt Tirsino
562 1043 2173 1215 Lieben fromende Christen, Is haben unser gnadig her¬
614 1132 2064 1310 ren van Bern, Einen Ersamen Rct zu Costencij,
619 1221 2066 1383 Ochriftlich angelangot vier gebetten, etwaern oss.
619 1330 2248 1451 fren Predicanten, althar vff disse te loblich christen:
631 1391 2223 1573 lich disputation, So dann Ion In vbruijg, vnd bij nach
637 1471 2149 1643 zu glucklichem Ende (gott heb lob) geloften Ist,
625 1564 2233 1761 zu verordnen, welichs muen herren von Costang, Inen
629 1643 2110 1839 zu fonntlichem wolgevallen gethan, vnd also ein
637 1734 2151 1888 Erbere Ratsbottsthaft, vnd mich mittdersebigen,
631 1827 2112 1975 harnikomen abgeuertigtot haben, mitt de heinem
619 1898 2229 2072 Cundren beuelch, vijt wider femand hie zuhandlen,
627 2011 2185 2147 Cann allen, Wo doctor Johann Egk, So dann von
619 2104 2229 2233 Meistern Vlrichen zwinglin, vnd Cunradten Som¬
623 2179 2167 2345 Predicanten zu Vlm, minen lieben brudern, Oder
633 2266 2183 2428 for g mijw dorfter, prediger Ordens zu Rotwil, der
631 2351 2183 2488 Durch mine gnadigen herren von Bern, Sich har:
623 2426 2199 2607 zufugen, ernstlich vnd trungenlich geuordrot Ist,
619 2514 2149 2668 komenn, ware Ich willens gewesen, je beider
621 2615 2120 2785 Ich mach thriften, darum ende zum teil, min¬
619 2656 2219 2898 herren van Costeng, zum teil ouch min person gun¬
