2479 3508
1167 142 1962 322 Die viii. Schlusred,
629 287 2177 454 Nun habt fo mit gesachen ettliche glich mus, In
642 393 2284 533 dem tag, an welichem der gevr, mitt vih geredt hat
638 485 2259 613 In Oref, In mitten In dan fur ia, Da etarlich zu¬
648 567 2290 713 mercken fst, das gott nitt geredt hat, van der Figur
659 659 2292 774 Christi, Als wir Ien haben, dann alle in von snier
619 740 2271 903 gottheit, die da nitt abgebilden Ist, Indem, So Er ge¬
644 822 2225 977 sprochen het, In haben de hem Nichanus gesachen,
636 906 2313 1060 was doch das fur vnd der rech da 1 clartich zu verstan gab
636 1044 1242 1159 von snier gottheit,
1190 1117 2012 1282 Meister Vlrich zwingli
2045 1159 2305 1332 Een mett
2114 1280 2319 1363 Tutsino
563 1309 2196 1481 Tiewel dise ler, vsz. fabers, niet biblischer Christ
625 1420 2233 1562 harbracht, deshalb Tij, weder angezeichnet, noch ver¬
636 1506 2190 1644 andtwurt solt werden, lassen wirs doch, bij der
642 1573 2233 1721 andtwurt bliben, die Ein Rosamer Vat von Zürich,
627 1706 2305 1832 Wisthoffen van Costenij, In der Materij gaven hat,
663 1767 2296 1911 Das Ort Oeutronomij. iiii.o dienst ons 1 dann gott
627 1851 2271 1991 wil also reden, Ir haben minen de hein bildtnus nie
632 1943 2223 2089 gesachen, darumb sollen Ir mich outh nitt verbil¬
617 2016 2273 2160 den, vil weniger sol man Einige Creatur, zu vere¬
642 2110 2238 2231 rung verbilden, Hic valet louis amaiore, Oann
623 2177 2242 2323 So man den nitt verbilden sol, der allein gott, vnd
646 2273 2248 2417 zu vereren Ist, vil weniger gotman die verbildenn,
638 2380 2227 2520 die nitt zu vereren sine als gott, Es sol ouch hie
617 2461 2196 2608 gewuss sijn, das wir erst bilder haben vfgericht
615 2539 2263 2700 nach dem wir die fur gott vnd helffer haben vfge¬
619 2625 2215 2783 worffen, denen wir bild gemacht haben, Een
726 2754 841 2811 Tarmes
652 2717 2284 2892 ferichaspel fraszini, hat man erst gemacht, do man
