2479 3508
1125 140 1889 318 Die ander Schlusvred,
1133 290 1773 450 Martinus buijer
728 442 2259 614 Die lassen es bliben, bij dem vortril der glaubigen
736 538 2299 682 wann das Ort zun Galathern, antrift alle christen,
760 632 2283 762 Derglichen haben wir euch zu den Colostern, am¬
722 708 2225 861 So land nun vch niemand gewussen machen u
726 815 2311 955 Die wil dann die christenlich ter verbütet, an gun¬
720 893 2269 1023 dre tag, die gewussen der gloutigen zu binden, De
710 973 2283 1105 ligts am tag, das nun der widerchristlich gewalt
710 1049 2293 1187 Oelichs vnderstanden hat, vnd heist vns der wil
728 1137 2107 1297 Der christ, waer Ie Solichs furgenomen het,
1141 1257 1833 1439 Johannes buchstab,
726 1413 2239 1605 Die wil Ir gestern haben zugaben, den Duntag
740 1531 2245 1673 vnd zwolfbotten tag, van der tilchen mogen vf zijn
710 1625 2255 1791 gesegt worden, mogen ouch dese Stuck bestan, Das
720 1707 2325 1859 aber Ich gefragt, Ob der Gapst ware der widerchrist
726 1789 2295 1933 wolt Ich mitt Biblisther Othrift, darwider geredt ha
722 1893 2251 2019 ben, wer witter an die Oach zugriften, Das
720 1969 2259 2107 wir ouch andre Christen, In der Bibli mitt be¬
698 2049 2301 2217 griften, zu christenlicher ordnung vnd lere dienende
720 2145 2263 2281 Noch halten mogen, sind ich bij dem heiligen Paulo
726 2223 2265 2377 zu den Corinthern, Epistola 1en. Capite. xvo. Das fr
716 2319 2319 2460 anzucht den foeten Therentium, Os Er Opricht,
702 2399 2287 2552 Gose geschwaij verderben gut litten, Oostglichen
720 2504 2295 2618 zu den Exhesiern am. v. zucht Er harm, Als ob
710 2566 2313 2728 Is andersthwo warhaftiblich geschreiben stand, vtanden
710 2662 2319 2810 vf der du Othlaffest, Item. ii. ad Chimotheum iij
720 2756 2255 2898 zucht frivir fannes vnd Nombres, Moisi Open¬
714 2836 2305 2986 widerstanden, Item zu Lito am ersten, Creten¬
