<?xml version="1.0" encoding="UTF-8" standalone="yes"?>
<PcGts xmlns="http://schema.primaresearch.org/PAGE/gts/pagecontent/2013-07-15">
    <Metadata>
        <Creator>prov=READ-COOP:name=TrHtr:version=2.41.0:model_id=51170:date=09_03_2026_17:23</Creator>
        <Created>2026-01-27T10:33:43.642+01:00</Created>
        <LastChange>2026-03-09T17:23:32.039+01:00</LastChange>
        <TranskribusMetadata docId="13922579" pageId="112789938" pageNr="115" status="IN_PROGRESS" userId="537" imgUrl="https://files.transkribus.eu/Get?fileType=view&amp;id=GUSWHTMWEDYTBYRNELXZXYQC" imageId="95348965"/>
    </Metadata>
    <Page imageFilename="112789938.jpg" imageWidth="2479" imageHeight="3508">
        <TextRegion orientation="0.0" id="tr_1">
            <Coords points="734,503 734,2886 2248,2886 2248,503"/>
            <TextLine id="tr_1_tl_1" custom="readingOrder {index:1;}">
                <Coords points="742,605 881,549 1574,612 2234,569 2234,442 2117,504 1973,432 1728,419 1338,472 1278,434 990,507 742,466"/>
                <Baseline points="752,552 826,558 900,555 974,555 1048,552 1123,552 1197,555 1271,554 1345,555 1419,555 1494,556 1568,554 1642,552 1716,552 1790,555 1865,552 1939,552 2013,552 2087,554 2161,559 2236,561"/>
                <TextEquiv>
                    <Unicode>her ein richter gesetzt het vnsicht warlich vnnd</Unicode>
                </TextEquiv>
            </TextLine>
            <TextLine id="tr_1_tl_2" custom="readingOrder {index:2;}">
                <Coords points="723,693 988,648 1152,697 1219,646 2209,656 2209,584 2070,607 1948,564 1522,616 1413,577 1185,609 1120,564 723,601"/>
                <Baseline points="734,647 808,651 882,646 956,644 1030,644 1104,641 1178,641 1252,640 1326,641 1400,638 1474,638 1548,638 1622,638 1696,638 1770,638 1844,638 1918,638 1992,638 2066,638 2140,639 2215,647"/>
                <TextEquiv>
                    <Unicode>vierkantlich Darumb noch huijs by tag</Unicode>
                </TextEquiv>
            </TextLine>
            <TextLine id="tr_1_tl_3" custom="readingOrder {index:3;}">
                <Coords points="757,770 1154,742 1266,800 1403,735 1890,742 1960,787 2031,738 2223,752 2223,680 2129,693 2035,639 1907,680 1821,639 1685,703 1311,644 1176,706 1090,654 757,699"/>
                <Baseline points="767,743 840,740 913,737 986,738 1059,737 1132,737 1205,737 1278,735 1351,736 1424,734 1497,734 1570,734 1643,737 1716,734 1789,734 1862,734 1935,735 2008,737 2081,737 2154,738 2227,740"/>
                <TextEquiv>
                    <Unicode>volgt. Das diesselb sichbarlich kilch In einem</Unicode>
                </TextEquiv>
            </TextLine>
            <TextLine id="tr_1_tl_4" custom="readingOrder {index:4;}">
                <Coords points="736,855 1026,877 1123,840 1178,879 1238,830 1458,866 1805,825 2243,866 2243,785 2121,750 1943,785 1890,740 1678,798 1469,787 1409,735 1308,800 1225,761 1101,802 1015,759 736,772"/>
                <Baseline points="746,841 821,838 896,833 971,831 1046,832 1121,832 1196,829 1271,830 1346,832 1421,829 1497,832 1572,832 1647,830 1722,826 1797,824 1872,826 1947,827 2022,829 2097,832 2172,832 2248,835"/>
                <TextEquiv>
                    <Unicode>varen glauben vnnd Innamen Des hern ver¬</Unicode>
                </TextEquiv>
            </TextLine>
            <TextLine id="tr_1_tl_5" custom="readingOrder {index:5;}">
                <Coords points="767,979 1390,934 1843,968 1924,921 2174,994 2221,988 2223,898 1898,836 1381,885 1240,830 1107,896 768,862"/>
                <Baseline points="776,943 848,940 921,940 993,940 1066,940 1138,935 1211,934 1283,934 1356,931 1428,931 1501,929 1574,927 1646,925 1719,922 1791,919 1864,922 1936,922 2009,925 2081,925 2154,925 2227,925"/>
                <TextEquiv>
                    <Unicode>samlet In hendlen des glaubens zu vatheilen</Unicode>
                </TextEquiv>
            </TextLine>
            <TextLine id="tr_1_tl_6" custom="readingOrder {index:6;}">
                <Coords points="768,1071 934,1045 1001,1107 1056,1114 1244,1043 1465,1116 1467,956 1159,990 1125,956 1031,983 1001,953 969,979 919,947 770,988"/>
                <Baseline points="779,1032 813,1038 848,1038 882,1035 917,1035 952,1036 986,1038 1021,1035 1055,1035 1090,1034 1125,1031 1159,1030 1194,1030 1228,1030 1263,1029 1298,1027 1332,1030 1367,1028 1401,1026 1436,1024 1471,1024"/>
                <TextEquiv>
                    <Unicode>vond zesprechen hab</Unicode>
                </TextEquiv>
            </TextLine>
            <TextLine id="tr_1_tl_7" custom="readingOrder {index:7;}">
                <Coords points="1381,1253 1450,1232 1516,1259 1642,1232 1700,1293 1745,1263 1785,1302 1877,1229 1975,1216 1976,1140 1946,1123 1867,1123 1843,1146 1785,1105 1672,1146 1591,1146 1567,1123 1539,1146 1445,1114 1383,1131"/>
                <Baseline points="1391,1224 1420,1226 1449,1227 1479,1227 1508,1227 1538,1227 1567,1225 1596,1225 1626,1227 1655,1225 1685,1224 1714,1224 1743,1222 1773,1220 1802,1218 1832,1216 1861,1215 1890,1215 1920,1213 1949,1214 1979,1218"/>
                <TextEquiv>
                    <Unicode>Doctor Capito</Unicode>
                </TextEquiv>
            </TextLine>
            <TextLine id="tr_1_tl_8" custom="readingOrder {index:8;}">
                <Coords points="838,1482 1146,1430 1229,1475 1578,1430 1619,1465 2223,1443 2224,1326 2084,1291 1975,1370 1856,1325 1766,1385 1635,1319 1511,1358 1413,1298 1103,1371 842,1294"/>
                <Baseline points="850,1462 918,1444 987,1439 1056,1436 1125,1436 1194,1436 1263,1433 1331,1430 1400,1430 1469,1430 1538,1430 1607,1430 1676,1430 1745,1430 1813,1430 1882,1427 1951,1424 2020,1424 2089,1424 2158,1421 2227,1421"/>
                <TextEquiv>
                    <Unicode>W min her Doctor furwendet Das er</Unicode>
                </TextEquiv>
            </TextLine>
            <TextLine id="tr_1_tl_9" custom="readingOrder {index:9;}">
                <Coords points="723,1599 907,1542 2189,1554 2217,1475 2106,1452 1956,1509 1531,1441 1161,1511 829,1465 723,1520"/>
                <Baseline points="734,1540 808,1541 882,1539 956,1537 1030,1534 1105,1534 1179,1532 1253,1533 1327,1531 1401,1531 1476,1533 1550,1531 1624,1531 1698,1529 1772,1531 1847,1529 1921,1528 1995,1525 2069,1525 2143,1522 2218,1522"/>
                <TextEquiv>
                    <Unicode>Dysen Spruch der peijstlich richter alle dingen</Unicode>
                </TextEquiv>
            </TextLine>
            <TextLine id="tr_1_tl_10" custom="readingOrder {index:10;}">
                <Coords points="752,1670 1024,1678 1221,1631 1400,1646 1464,1698 1621,1635 1984,1659 2189,1635 2191,1556 2070,1531 1969,1580 1422,1606 1182,1552 1058,1601 930,1550 752,1595"/>
                <Baseline points="761,1639 832,1639 904,1636 975,1636 1047,1636 1119,1636 1190,1633 1262,1630 1334,1630 1405,1630 1477,1630 1549,1630 1620,1630 1692,1630 1764,1630 1835,1627 1907,1627 1979,1624 2050,1622 2122,1618 2194,1618"/>
                <TextEquiv>
                    <Unicode>verstet, vnnd annumpt, wie er vor gedutett</Unicode>
                </TextEquiv>
            </TextLine>
            <TextLine id="tr_1_tl_11" custom="readingOrder {index:11;}">
                <Coords points="1578,1768 1723,1738 1757,1760 1792,1730 1871,1749 1986,1725 2093,1749 2119,1728 2149,1751 2194,1740 2196,1633 2044,1635 1888,1685 1847,1665 1800,1697 1712,1644 1580,1672"/>
                <Baseline points="1591,1734 1621,1731 1651,1729 1682,1728 1712,1728 1743,1728 1773,1728 1804,1728 1834,1728 1865,1728 1895,1727 1925,1725 1956,1723 1986,1722 2017,1722 2047,1722 2078,1721 2108,1719 2139,1719 2169,1718 2200,1716"/>
                <TextEquiv>
                    <Unicode>Das aber daruss</Unicode>
                </TextEquiv>
            </TextLine>
            <TextLine id="tr_1_tl_12" custom="readingOrder {index:12;}">
                <Coords points="772,1770 819,1779 898,1742 1231,1762 1289,1732 1413,1794 1413,1651 1317,1636 1285,1668 1236,1653 1189,1691 1013,1715 930,1704 875,1657 772,1657"/>
                <Baseline points="782,1740 813,1737 845,1735 877,1737 909,1737 941,1737 972,1737 1004,1737 1036,1737 1068,1736 1100,1734 1131,1736 1163,1736 1195,1734 1227,1732 1259,1731 1290,1731 1322,1731 1354,1733 1386,1734 1418,1734"/>
                <TextEquiv>
                    <Unicode>ist nemen wir an</Unicode>
                </TextEquiv>
            </TextLine>
            <TextLine id="tr_1_tl_13" custom="readingOrder {index:13;}">
                <Coords points="774,1909 859,1851 1022,1852 1118,1913 1529,1847 1928,1899 2031,1843 2187,1851 2187,1775 2097,1811 1988,1753 1852,1796 1792,1749 1687,1800 1604,1759 1492,1817 1317,1740 1133,1813 774,1768"/>
                <Baseline points="785,1836 855,1839 925,1839 995,1842 1066,1842 1136,1842 1206,1845 1277,1843 1347,1839 1417,1839 1488,1839 1558,1839 1628,1839 1698,1839 1769,1840 1839,1842 1909,1840 1980,1838 2050,1833 2120,1833 2191,1833"/>
                <TextEquiv>
                    <Unicode>soelte volgen, Das er die geschrifft, ouch</Unicode>
                </TextEquiv>
            </TextLine>
            <TextLine id="tr_1_tl_14" custom="readingOrder {index:14;}">
                <Coords points="767,1952 1232,1952 1343,2003 1678,1941 2112,1956 2138,1873 767,1905"/>
                <Baseline points="776,1940 844,1943 912,1943 980,1943 1048,1943 1117,1943 1185,1943 1253,1943 1321,1941 1389,1944 1458,1946 1526,1943 1594,1941 1662,1940 1730,1940 1799,1940 1867,1937 1935,1936 2003,1934 2071,1933 2140,1931"/>
                <TextEquiv>
                    <Unicode>mochte vrtheillen Diewell er alle eing</Unicode>
                </TextEquiv>
            </TextLine>
            <TextLine id="tr_1_tl_15" custom="readingOrder {index:15;}">
                <Coords points="742,2063 1110,2040 1294,2095 1424,2044 1599,2117 1725,2042 2183,2048 2183,1963 2115,1995 1991,1954 1913,2003 1802,1939 1603,2007 1475,1956 1341,2007 742,1993"/>
                <Baseline points="752,2036 823,2041 895,2042 967,2042 1039,2039 1111,2039 1182,2039 1254,2039 1326,2037 1398,2036 1470,2039 1541,2039 1613,2039 1685,2040 1757,2039 1829,2036 1900,2034 1972,2033 2044,2031 2116,2029 2188,2027"/>
                <TextEquiv>
                    <Unicode>Vrtheeler mogt uit volgen Dan des art</Unicode>
                </TextEquiv>
            </TextLine>
            <TextLine id="tr_1_tl_16" custom="readingOrder {index:16;}">
                <Coords points="738,2187 815,2142 992,2151 1045,2196 1112,2144 1418,2142 1623,2157 1704,2208 1918,2140 2095,2187 2166,2144 2166,2055 1743,2119 1216,2067 1165,2112 1050,2042 887,2106 817,2061 738,2080"/>
                <Baseline points="749,2140 820,2137 891,2138 962,2140 1033,2143 1104,2142 1175,2142 1246,2143 1317,2143 1388,2143 1459,2143 1530,2144 1601,2145 1672,2146 1743,2143 1814,2143 1885,2140 1956,2139 2027,2137 2098,2133 2170,2131"/>
                <TextEquiv>
                    <Unicode>der roe ist, Das er vrtheils alles, das so</Unicode>
                </TextEquiv>
            </TextLine>
            <TextLine id="tr_1_tl_17" custom="readingOrder {index:17;}">
                <Coords points="753,2286 894,2239 1123,2256 1242,2324 1644,2249 2001,2292 2074,2241 2181,2283 2181,2144 2114,2187 1903,2151 1751,2221 1278,2164 1204,2219 753,2174"/>
                <Baseline points="764,2221 835,2233 906,2237 977,2239 1048,2242 1119,2243 1190,2250 1261,2255 1332,2254 1403,2254 1474,2242 1545,2245 1616,2247 1687,2248 1758,2251 1829,2248 1900,2245 1971,2244 2042,2239 2113,2233 2185,2230"/>
                <TextEquiv>
                    <Unicode>zu vrtheillen ist, min mag die schrifft</Unicode>
                </TextEquiv>
            </TextLine>
            <TextLine id="tr_1_tl_18" custom="readingOrder {index:18;}">
                <Coords points="765,2380 889,2420 1210,2388 1325,2429 1371,2382 1550,2367 2029,2395 2117,2341 2078,2243 2016,2294 1635,2254 1557,2311 1334,2286 1294,2324 949,2251 763,2281"/>
                <Baseline points="773,2328 840,2326 907,2334 975,2339 1042,2340 1110,2345 1177,2349 1245,2352 1312,2352 1380,2355 1447,2355 1514,2355 1582,2355 1649,2360 1717,2361 1784,2361 1852,2361 1919,2358 1987,2352 2054,2347 2122,2340"/>
                <TextEquiv>
                    <Unicode>Als die gewisslich vom gest pottes ist,</Unicode>
                </TextEquiv>
            </TextLine>
            <TextLine id="tr_1_tl_19" custom="readingOrder {index:19;}">
                <Coords points="768,2452 936,2484 1058,2452 1155,2508 1396,2459 1480,2504 1527,2467 1869,2499 2166,2446 2164,2369 2076,2365 1933,2427 1736,2369 1482,2414 1417,2380 1325,2429 1206,2392 768,2399"/>
                <Baseline points="779,2433 848,2444 918,2445 987,2445 1057,2446 1126,2450 1196,2452 1265,2457 1335,2457 1404,2457 1474,2459 1544,2457 1613,2457 1683,2458 1752,2460 1822,2460 1891,2460 1961,2457 2030,2454 2100,2446 2170,2442"/>
                <TextEquiv>
                    <Unicode>int geurtheilt werden / den kilchen Das</Unicode>
                </TextEquiv>
            </TextLine>
            <TextLine id="tr_1_tl_20" custom="readingOrder {index:20;}">
                <Coords points="763,2580 1407,2564 1625,2625 1839,2561 1913,2613 2014,2564 2219,2587 2219,2467 2181,2456 2127,2501 1969,2469 1651,2525 1526,2476 1379,2512 1227,2471 1069,2523 973,2465 913,2510 763,2472"/>
                <Baseline points="773,2552 845,2553 918,2555 990,2552 1063,2549 1135,2552 1208,2555 1280,2555 1353,2555 1425,2555 1498,2554 1571,2555 1643,2555 1716,2558 1788,2559 1861,2561 1933,2561 2006,2561 2078,2559 2151,2551 2224,2546"/>
                <TextEquiv>
                    <Unicode>ist der gemeind potes halben die vß zestliessen</Unicode>
                </TextEquiv>
            </TextLine>
            <TextLine id="tr_1_tl_21" custom="readingOrder {index:21;}">
                <Coords points="753,2690 1394,2668 1539,2728 1633,2677 1988,2715 2204,2657 2204,2583 2142,2559 2095,2604 2014,2564 1911,2617 1841,2561 1635,2623 1375,2574 1251,2634 921,2564 857,2610 753,2593"/>
                <Baseline points="764,2657 836,2656 908,2651 980,2654 1053,2657 1125,2657 1197,2657 1269,2660 1342,2662 1414,2663 1486,2666 1558,2666 1631,2663 1703,2663 1775,2667 1847,2666 1920,2664 1992,2663 2064,2661 2136,2653 2209,2648"/>
                <TextEquiv>
                    <Unicode>hab Sagen wir das es se ein jede besondre</Unicode>
                </TextEquiv>
            </TextLine>
            <TextLine id="tr_1_tl_22" custom="readingOrder {index:22;}">
                <Coords points="748,2771 872,2807 1289,2766 1347,2809 1426,2764 1529,2829 1997,2758 2155,2794 2232,2786 2230,2672 1537,2730 1315,2724 1240,2668 1060,2726 909,2658 853,2715 746,2696"/>
                <Baseline points="758,2752 831,2746 905,2744 979,2746 1053,2751 1127,2753 1201,2755 1275,2755 1349,2753 1423,2758 1497,2758 1570,2758 1644,2758 1718,2761 1792,2761 1866,2761 1940,2760 2014,2758 2088,2753 2162,2749 2236,2749"/>
                <TextEquiv>
                    <Unicode>versammlung der gleubigen, hil oder andersth¬</Unicode>
                </TextEquiv>
            </TextLine>
            <TextLine id="tr_1_tl_23" custom="readingOrder {index:23;}">
                <Coords points="752,2874 913,2923 1084,2859 1272,2908 1514,2863 1881,2921 2072,2859 2224,2920 2224,2782 2069,2760 1924,2814 1578,2831 1464,2777 1356,2824 1189,2782 752,2792"/>
                <Baseline points="761,2857 834,2846 907,2842 980,2848 1054,2850 1127,2852 1200,2857 1274,2859 1347,2859 1420,2860 1494,2860 1567,2860 1640,2863 1713,2862 1787,2862 1860,2860 1933,2859 2007,2856 2080,2849 2153,2844 2227,2842"/>
                <TextEquiv>
                    <Unicode>wo weliche darinne ein gemeind poten</Unicode>
                </TextEquiv>
            </TextLine>
        </TextRegion>
    </Page>
</PcGts>
