2479 3508
334 440 583 594 jander
782 360 2163 578 die allten, Jan Dije, Epistell pietri, Die
1358 533 2188 689 Op qualipsis Johanus
829 525 1310 682 Kpistell Jacobi
1243 623 1425 700 werts
2028 651 2214 729 van
811 623 1985 743 Int Des cvorts verfallten haben
1280 703 2108 800 alß die vier en angelen
814 712 2183 871 die andern Jan Vierden Enangelis vnd
807 820 2145 969 xiiii Epistell pauli, Die erst peri
1598 912 2256 1043 Diswijl dan
794 914 1381 1071 Johannus
809 987 2179 1170 niemand Christe Ist, Er hab dan sin
809 1083 2201 1263 geist zum Rhömern viii cap: vnnd wie
825 1212 2210 1383 Christi sind, sin gout, desshalb habenn,
791 1312 2210 1487 So mogen wir aben die warchen wie
798 1392 2257 1579 die allten Dircen denselben einigen geyt
809 1518 2197 1650 erkennen vnnd vrthellen, an welcher
805 1598 2152 1792 vertheill, so min her doctor vall, het
1532 1716 1718 1794 potkck
838 1707 2110 1885 Ist onttgegen. Die hembgen geschafft
800 1805 2192 1997 Die alles vuts leret In der amndern
767 1937 2159 2090 Epiell paulp zinnen thimotheo iiii cap:
785 2027 2134 2214 daruss mag er woll te darthun, ob
762 2114 2154 2319 Crix monstchen, alle geistlich In Dem
1681 2214 2243 2414 Den anndern Spruch
811 2272 1463 2401 vall vathallenn
800 2346 2197 2497 betreffennd Das min bruder Captio gesagt
800 2452 2208 2604 hatt, er lute vom vrtheill wer die stunde, hatt
814 2537 2272 2699 Er int an versthrifft geredt, das es mit schlechtem
1507 2632 1712 2704 werden
811 2632 2186 2797 Mein verantwurten mogt „ wie Inn des min
816 2712 2265 2855 her Doctor anzogen hat; Van es hat Daruor
832 2813 2163 2983 sunde over din bruder ende
2076 3015 2156 3132 2
