2479 3508
407 467 601 696 210
688 291 2251 483 nemend hin, den heilligen geist, Wenn Ir
750 448 2265 628 die sund abland, dem sind sy abglassen wem¬
768 553 2278 725 grs. behalbend Dem sund sy behalten vnd
756 648 2220 826 belijb noch hut bij tag Garbij ob schon
758 760 2245 935 petrus fur all vff die frag Christi ge¬
764 861 2315 1022 antwort hab. Go het nach Dem allem
758 962 2224 1161 Christus Inne sonderlich den gewaelt
750 1086 2272 1274 der scheusselen verheissen, vnd alls nun
762 1183 2292 1394 her Berchteld in zucht, Christus hab stovan
745 1286 2201 1489 me sonderlich verheissen, das er nacher
768 1415 2236 1559 amern ouch geben, hat brempt aber Dabe
752 1518 2263 1712 int zugnis officier gschrifft, Das Christus
816 1627 2298 1807 das hie ouch than heige Dis schlussvel
789 1755 1491 1906 allen verheissen hab
1654 1751 2282 1898 Dan es volgt int
781 1817 2319 2028 Daruss Christus Hett Das an sinem andern
630 1943 2290 2135 dort than darumb het erss. hie ouch than
752 2057 2300 2226 Dan der text ist hie hegter, das ers son¬
774 2164 1898 2340 derlichs pethan vnd geredt hab
1243 2309 1875 2565 Bercht aus
768 2511 2232 2730 Meister Niclaus fuit har In Das penso
789 2662 2247 2854 sonderlich die scheussell verheijsen sich vnnd
801 2784 2269 2959 geben, verstat erst sonderlich, das ist allein
