2479 3508
25 979 109 1111 in the
27 1122 109 1179 mich
21 1267 105 1394 sel gaen
21 1372 107 1509 in the
13 1495 114 1623 darmo
23 1556 114 1684 accums
4 1652 116 1779 Wart In
29 1766 122 1892 Dir
17 1871 112 1981 xx Juny
32 1987 114 2082 et Cvoir
34 2153 122 2254 Darmes
29 2345 112 2450 will
25 2433 118 2574 2 mij
21 2543 107 2652 langt
192 1686 530 1867 g ist wol
223 1810 400 1922 Wax
200 2404 547 2547 „ gefen Cori
232 2522 472 2648 monien
1941 166 2071 257 205
1017 122 1735 303 die vierd schlußred
583 255 2242 472 angezoigen, vnnd dienet, gar woll zu vßlegung
606 436 2248 566 Des Ich Im ein exempell gib / 1 Ep: zum Chorin:
629 482 2261 671 am ej cap: Da paulus gesprochen hatt, Das
615 594 2240 775 thund so offt Ir trinckent In nuner gedocht
623 682 2212 857 muß, So er Das harnach, wider erklärt vnd
629 796 2208 958 Vrsach sagt, spricht er quotie hanque enim Dan
629 884 2196 1071 so offs Ir essoue des brotts vnnd trinckentt
629 979 2162 1181 den koeck verkundent, een toe des hern vnd
619 1048 2248 1263 ist Das ouch Im X cap: Der gemellten Epistell
615 1185 2259 1358 auch angezeigtt worden, Zu dem das er ver¬
610 1328 2278 1455 ment, Das angezogen oock wes van xvii cop:
598 1402 2200 1562 genesus, Dient Inen nit zu der sack Da
627 1492 2221 1692 stett zum ersten allso, Das ist nun vnnd den
617 1606 2191 1787 Hr. Cverdent hebben) zwijstchen mir vnnd vich
596 1695 2191 1882 vnd dinem namen nach die Das sich
621 1802 2240 1989 Der text vlees vfleitt, so es stett, damit sij sij
604 1911 2183 2084 zu einem Zeichen der punct mus zwijstgen
610 2014 2160 2198 nur, ende Es sollt aber, ein Jeder verständiger
610 2130 2278 2294 Der Da geupt ongen des gunts hatt vss. einem
589 2221 2280 2351 ortt der xstchrifft Inn gleichen valen die andern
1292 2332 2233 2473 Anne darumb soman hie
598 2345 1124 2486 lernen vorsten
594 2427 2238 2551 Terimonien verglichen vnd Lucas vnd paulus
621 2505 2282 2682 welcke doch klarer reden, ußtrucklijck sprechen
585 2619 2240 2785 Der keecken sy Das nuw thestament vinne
579 2709 2246 2888 Darbij onch sagen, Das thuwe In miner ge¬
