2479 3508
209 1604 643 1784 prima 608
215 1776 341 1950 119
1205 118 1935 308 Die vii. ende blussredi
647 265 2189 434 absterben, wol werde sijn, den unglaubigen aber wel,
606 378 2268 558 Hierumb wir vns flissen hollen, disse gegenwur¬
641 469 2283 591 tig laben, In unsthuld zu volffurenn, vnd von dem
1668 558 1815 647 „gun
641 566 2274 682 kunftigen, nitt witter sorgfaltig, dann souil vns,
635 651 2204 813 das wort gottes lert, Cesshalb all unser fliss, das
647 744 1710 906 frijfür zulosthen, vergabens Isti
1222 879 2237 1075 Meister Hans mannberger,
693 1061 2167 1267 Noch gelerten Erwürdigen herren, Diewil die
670 1154 2307 1340 Conclusion vorhanden Ist, das fugtus antreffende,
618 1265 2161 1437 gedunckt mich, Es oge mer em anynchuijg des
645 1360 2179 1532 frifes, wann der vernunft, Angesachen, das da
651 1453 2216 1642 Stat geschreiben, Octorum. 1o. Da haben die voor¬
672 1534 2214 1741 stel. gesprochen zu dem herren, herr ob du werdest
645 1644 2241 1805 widerumb gaben Indiser zitt, das rich duiem volck
631 1733 2175 1902 ffrael, hat Er Inen geandtwurt, Es Ist nitt In
645 1826 2245 1995 viverem erkennen, die zitt oder ougenblick, die min
645 1925 2233 2101 vatter geseyt het In & nieu gewalt, Cessglichen
629 2028 2274 2183 Co Opricht Paulus, Inder j fpistel, zu den Corni¬
1660 2123 1768 2187 zij
639 2144 2254 2268 thern. ii.e capite, Es hits de henin, nie gehort, noch
633 2214 2187 2371 de hem oug nie gesachen, u. Co Opricht Christus
624 2301 2254 2473 Im Ruangelio Johannis xiiijo. In dem hus mnies
637 2405 2245 2555 vatters, kind vil wonungen, Das huss des vatters
624 2471 2158 2675 Ist zwijfaltig, En is der belonnung, Ist das Rich der
635 2566 2241 2723 hunken, die min thoer der faglen, Das ander hus,
631 2669 2107 2849 Ist das hus der Straffung, von dem da Opricht
