2479 3508
245 402 468 594 46
168 1139 485 1271 # wirdt
1239 132 1944 309 Eu. vii. Thlus twee
611 275 2305 424 für aller aufachtung, vnuerpuckt In glouwen tringt
664 400 2254 549 Darumb heist hie buwen, leren vnd predigen, Cas
536 421 2248 628 fundament Ist Christus, das werck (das da buwen
634 564 2197 707 wirdt, sind die dis wort horen, vnd annam enn,
632 634 2344 754 pruia Cornithiorum. viii. Qind fr nitt mij werck
630 728 2327 871 In gott dem herren, Cas fur fst anfacht uijt verfol:
628 809 2284 975 gung, vnd durchachtung, welche heilsam Ist allen
630 898 2259 1056 gloubigen, zatharie xiii. Ich wird den doitten teil
619 983 2278 1145 furen durch das fur, vnd wird t' brennen, wie das
617 1079 2250 1224 Eilber brent wirdt, Ich wird etc. probieren, wie das
628 1156 2271 1343 gold probiert # xxx, Das gold aber, Bibber, und Edel
634 1241 2284 1409 gestein, gind, die das wort gottes angenomen handt
632 1347 2291 1494 vnd fe den tod litten, fe si daruon tunden, Holgh
624 1441 2280 1599 how vnd Hufften sind, die ein zitt lang gloubenn,
619 1528 2254 1656 So wer die infachtung kumpt, und sich das fur
609 1626 2278 1788 der toubsal vnd verfolgung, erheyt, So fallen Bi
609 1705 2254 1856 Dahin, wie holy vnd Stuffel van dem fürstelso
611 1803 2188 1967 Ist vsz. dem text Pauli Salbs, heitter und clar¬
609 1888 2248 2046 das Er nitt vom fagfur redt, Sunder van dem fur
607 1995 1931 2135 der verfolgung, vmb der ler willenn,
1254 2082 1401 2178 tag
1433 2078 1824 2205 Sommers
945 2095 1152 2231 xiiij
556 2090 807 2203 Am
1220 2148 1869 2316 Johannes buchstab,
2197 2195 2284 2286 i
2199 2274 2318 2442 1e
711 2318 2233 2491 Die gloss úber den Cxruch Pauli gestern Inge
600 2440 2190 2591 furt, min Ich nitt an, wann Paulus hie heitter
617 2520 2188 2676 Opricht, der tag des herren, wirdt das er klarenn
645 2601 2267 2772 Nun Ist der tag des herren, uijt anders, dann der
630 2695 2203 2901 abscheid von diser zitt, von dem Paulus ouch gagt
600 2778 2197 2978 j. ad thesstlo. v. das der tag des herren werde
