2479 3508
27 588 126 697 vnnd
23 763 121 891 3
58 1315 144 1483 Das the
53 1483 140 1582 hortt
29 2265 152 2358 bex liij
27 2605 158 2767 schrifft
1983 175 2088 280 26
1043 121 1790 325 Die erst Scheußre
1440 331 1588 438 wirt
574 358 2088 508 paulo, ein houpt genempt winne, Darumb ist er
562 461 1169 611 sein emzigk houpt
1459 481 2076 597 wyter des wortlijs
576 551 2072 681 halb schrifft vorsthen ist wellen, offentlijck ein
560 658 2142 761 wort zanck, wider vnser gnedigen hern van Derim
556 737 2127 903 handat in furen, Das gib ick vnnserm wurde¬
572 848 2074 1021 gen hern den presidenden zu erkennen vnnd
562 944 2004 1107 Der gantzen gemeind gottes, hie versambet
1146 1062 1652 1232 Bithnatter,
1302 1187 1582 1309 lotsten
665 1237 2066 1420 Marti sagt zum besten, ich kampff mitt
523 1354 2175 1518 worten, Darzu sag ich es ist ein anders kempffen,
580 1451 2103 1611 mit worten vnnd ein annders kempffen mitt
541 1547 2105 1689 Dem wortt gotes Die text all die Her Marti
570 1634 2072 1809 harbracht hatt zeigend voor een muttler Ich
580 1730 2045 1876 wede doch nu von een mittler die conclusio
568 1856 2156 1988 luttet auch int Daruon, sy lutet von eim houpt
564 1932 2107 2082 zwusten dem lijb int mittler Ich han
576 2023 2103 2150 gester zugelassen vnnd lassen noch zu Das Christus
543 2121 2138 2282 Innser heiland ses, sin houpt der gantzen chri¬
597 2212 2119 2366 enheit hatt aber der regierung haeb ein stat¬
562 2321 2086 2485 haelter, gesetzt, mit den krefftigen worten
1699 2401 1862 2473 machte
543 2416 2080 2564 Weid nunc schafflij Ich han nechst gesoit
525 2514 2080 2671 Ich woll Damit bestelossen han, Wenn
560 2607 2060 2765 mit alden spruchen die harbracht sind. Der
560 2699 2105 2866 Dienstbarkeit halb wirt potro der gewaelt der
