2479 3508
1105 129 1847 308 Die funfte Schlusseredi
1107 270 1662 437 gidius muver
441 401 1991 603 Wir haben es bewart, mitt unser distinction,
1092 567 1698 751 Martinus buczer,
626 725 2296 913 Dieselb distinction Ist aue Christ, des anderen teils halb,
614 873 2174 964 Namlich des vermeinten Maskoffers halb, das di
635 947 1824 1116 geistlich nennen, vnd doch liblich tst,
1170 1092 1695 1255 gidius muwer,
595 1293 2231 1434 Die fragen hoe, zu merer erkandtnis, was das rein
649 1396 1843 1560 opter Eije, von dem Malachius Othribt,
1080 1504 1746 1702 Martinus buijep
654 1704 2180 1889 Andtwurt, Es sind die Rechtgloubigen hertzen
624 1837 2284 1974 It gebatt, vnd ganze begabnug In den willen gottes,
628 1921 2265 2043 die werden dem Herren zubereit, durch die prediger
633 1999 2212 2149 des fuangelij, Cauon Paulus ad Romanos. xv
628 2088 2233 2206 Ich bin ein diener Christi zu den heiden, Reich fuen
635 2197 2248 2326 dar, das Euangelium gottes, des das opfer der heiden,
633 2254 2161 2457 angenam zij - 1 geheiligt durch den heiligen geist
1107 2415 1645 2602 Egidius muur,
1453 2535 1611 2655 27
639 2613 2265 2781 as vns geandtwurt fst worden, das Rein opfer, sijn
601 2722 2299 2891 die gläubigen, mitt Irem bette, vnd derglichenn,
647 2815 2305 2984 magt hie nitt verstanden werden, dann alle unser ge¬
