2479 3508
722 3386 832 3461 de mesme
828 367 2238 566 die vergenden wort erlutert, Da verstan all
830 499 2277 648 fromm christen Das die gemeinstrafft den
1763 611 2271 707 min hatt om
837 602 1605 742 wenligen Ist die Kilch.
837 692 2299 832 gettliche gemeinstchafft etwas darin so gemein
837 771 2284 913 Wie dann ein gemeine burger schafft In Iren
850 874 2270 1004 rechten freyenen vnnd dergengen gemein
1241 936 2275 1087 Allso omen die heillich Christen,
839 979 1034 1074 bratt
837 1047 2297 1197 lich kilch Ir gemeinsthafft hatt, Alß pant¬
848 1126 2268 1302 ad Exche. 4o, ein lijb vnnd ein geist ein ha
843 1243 2227 1394 ein glauben/ ein touff, ein pot, omme vattet
856 1335 2255 1462 vnnser aeler, So viel min In der gantzen
848 1419 2270 1577 weeld zerstreuwt, In disem gemeinschafft
854 1520 2204 1675 hende machen so ein kirchen pottes. Diser
850 1616 2259 1774 klechen houpt ist Christus, Ephe: 5 Ir wider
861 1704 2238 1860 sollend gehorsamen, vwern mannen Als
847 1800 2260 1957 Dem hern, denn der man ist sein, haupt sine
837 1897 2246 2057 hußfrouwen, wie Christus ist ein haut siner
856 1979 2211 2150 klechenn vnnd er Ist sins lyes heillanne
845 2082 2202 2237 Alß nun der ist ein furst vnnd fuer om
848 2172 2264 2327 gepieter, ein regierer vnnd schwmer siner thus¬
847 2262 2271 2396 fouwen vnnd hatt alle guter mit Iren ge¬
843 2343 2266 2494 mein. Duldet sy ouch Inn alles schwachen
847 2448 2279 2611 Als die blödern gesthöpfft. Also Ist christus
936 2519 1113 2618 „ fürst
858 2554 2237 2701 ein„ vnnd funxer vund gepieter, Esaye: 55
813 2630 2288 2795 Ezechi: zu/ Ein Regierer vnnd schwmer, siner
863 2725 2264 2907 gespons der kleegen, vnne allso aebenn
970 3342 1071 3458 Monsieur
1094 3316 1183 3459 3.
1511 3370 1667 3463 Monsieur de
1814 3370 1935 3465 Monsieur les
