2479 3508
1218 97 1949 285 Die ander Schlussered
753 232 2315 424 der te vnd Op is verbieten, ein tufelsthe ler erkendt
760 349 2325 519 hat, bliben, die ouch von Christo genzlich abzucht
715 434 2291 576 Op Colossenses. iio. Diewil dann sin vermeinte
739 531 2305 683 kirch, wie Er Oelbs bekent, die Opiss verbijt, ende
729 618 2317 768 Oije min glich zu ettlicher zitt, Oo ligt fe am tage
739 707 2295 854 das Pietufelsthe ler furgibt, wie kan das min
753 796 2329 939 gutter meinung besthicken, wer wil Einem gifft
766 883 2319 1048 zetrincken gaben, der meinung, In de Zehelstenn
802 966 2295 1107 Damitt die Oach geendot werde, So referieren
762 1065 2325 1212 wir vns, vff die angezognen opruch, Er wirdt
753 1137 2317 1289 ende in kilch ouch nitt entsthuldigen von Solichem,
760 1220 2337 1337 der Ehalb, darums das Si dieselb nitt Strags ver¬
760 1313 2325 1442 bijtt, Ounders vordrot, das Oi verlobt werde, Een
760 1404 2335 1525 Oant Paulus heist tijfolstche lex, den bruch ettlicher
737 1487 2315 1628 creaturen, als vntheilig verwurften, zoigt an die
768 1582 2311 1691 Vrsach, die Er darsecht, dann alle cheatur gottes,
1210 1675 1378 1735 witt’
762 1671 2311 1822 Ist gut, viiij, verwarflich, wer daruon hienach
772 1765 1519 1907 witter an Omern ort,
1176 1871 1717 2048 Wexius grad,
697 2040 2317 2232 Der Martin buizer Sagt vch, Ich hab ein mijwe
709 2165 2287 2323 gloss, vber das capittel zu Thunotheo, harfür
762 2262 2331 2426 bracht, Carrij Sag Ich, wie Er versagt het
747 2347 2333 2503 Oag Ich nein, Das Ist der verstand von alter¬
755 2444 2299 2582 hav, der heiligen christenlichen kilchen, Als
753 2541 2331 2654 wol gegrundt In disem text, als ende in vsleg:
762 2618 2357 2755 nug, Vnd wie Ei mus verstandes nitt gestan¬
753 2703 2329 2844 den, also gestaen Ich Ires verstandes ouch nitt
747 2790 2337 2949 Referier mich ouch, vff denselben text, vnd die
