2479 3508
811 355 2146 569 wussen Das vnnser widerpart, Das
820 494 2164 676 vertheillen. Dahin Zuchen will Das
802 623 2217 764 em gemein Concilium macht hab, etwas
817 696 2224 864 nebend der gschrifft anzenemen, Has
811 784 2190 960 ancken erstlich der schrifft, das ansochen
797 898 2208 1067 geben/ so ist billich geantwurt worden / Das
817 991 2212 1156 Der geistlichen die schrafft mitt zerichten
802 1078 2210 1257 hib Das ist sins geuallens die schrifft
804 1186 2186 1362 angenemen oder Ze verwerffen sommer en
799 1277 2184 1463 hats allem mussen annemen, Dan er
806 1404 998 1476 ^ eben
822 1389 2174 1558 aber durch een geijt, sin erkantnus
817 1489 2164 1646 hatt, durch welchen die Zwoll
811 1569 2215 1748 tens geben ist, so aber min her Doctor
795 1686 2174 1857 Das vrtheillen verstan will, wie
813 1771 2222 1945 Ses ouch paulus selbs bruch fur ex kennen
801 1891 2190 2045 das die schrifft Das wert gotes fur
817 1974 2161 2175 tereft, So bekennen wir gern, Das
811 2079 2163 2264 Der geistlich ouch die schrifft vnnd
817 2195 2208 2384 alles ouch pot selb zu vrtheelen, Das
817 2326 2159 2458 ist zu erkennen hat, ich tweeer aber
808 2413 2193 2583 num her Doctor, bedachte well, Das
753 2507 2210 2692 paulus hie sagt, Der Pestlich int Die
837 2625 2186 2784 versamling der geistlichen Im concilio
1804 2737 1905 2795 wirs
808 2719 2159 2898 habe alles zu richten, Dan, ein Jeder
