2479 3508
189 834 535 1080 3I11
1179 142 1862 291 Die vii. Schlusfredi
636 252 2272 448 von vnsern geistlichen freden vnd anfachtungenn,
626 375 2236 518 erlost worden, Wo auch der Ochulmeister, den
626 471 2299 605 kerker der verdampten, nitt welte lassen zijn ewig,
638 554 2274 685 wurd Er In den Origenisthen Irsal vatten, wie
638 634 2232 789 haben Nathei. xxij. von dem, der das hochzittlich
619 730 2240 891 kleid nitt hatt, das hun der kint, hat geheissen
617 787 2306 969 geworften werden, mitt gebinnenen huldende vnd
609 929 2319 1039 fussen, In die Vsterlich finstermus, wo solich fin¬
632 1005 2268 1171 steruus sind, und solich binden, sampt weinen
626 1101 2272 1247 vnd zan klaften, mag billich om kerker genant
630 1205 938 1364 werden.
1226 1232 1918 1421 Johannes buchstab
641 1464 2206 1667 Von dem fittel des angezeigten fsalmen, weiss ich
636 1572 2179 1752 nitt, ich behilft mich des salmen, vnd f saija,
611 1648 2200 1824 dat durde begart von Paul geledigt zuwerden
638 1786 2255 1926 vnd Solich Ein anfachtung, Ein kerker hat genant
647 1848 2215 2028 Ist nitt wider mich, Cas Ich aber welke pagen,
666 1928 2191 2077 das ein kerker solte genomen werden, für die ver¬
638 2051 2255 2189 Dammus, nach Origenischer Art, Ist muis wil¬
647 2138 2251 2265 lens nitt, dann Ich ouch glonb, nach Innhalt aller
651 2217 2187 2397 Othrift, das die verdamnis ewig sije, wann das
651 2310 2229 2452 allein min furnamen vnd meinning Ist, das das
647 2410 2265 2556 wortli kerker, en vfenthalt sie, die niet ewig fst,
655 2495 2251 2620 Und wie Domlichs durch mich Ingefurt, darby blib
638 2573 2217 2749 Ich, Das die vssewendig finsternus, ouch ein
649 2698 2191 2859 ferker genant mogt werden, Schlach Ich nitt
647 2802 2249 2957 ab, Das wortli korker aber, statt nitt darbij,
