2479 3508
276 923 626 1068 buch hiervt
287 1045 642 1161 an dem xvij
297 1100 478 1163 blatt.
822 329 2277 546 vff sollichs Ist sin argument, vnkrefftig, all
813 476 2195 623 Die wijl er vnns nit anzeigt, emenn Der
786 573 1826 727 varer pott vnd menschen sig
1866 584 2243 706 Soblytt
811 666 2294 834 fur vnnd fur der einig Obristus Das
822 760 2243 925 Eenig houpt der kilchgen Ob wir glich
826 860 2225 1039 Dissz Cvortt, einig, vss. der gschrifft nie
828 952 2265 1116 bevert hettende Das doch volkomenlich
828 1058 2016 1209 In den ach acta beschechen ist
1441 1178 1995 1350 Daniel sthat
885 1327 2294 1550 Der wolgelert Heijser Vlrich zeringken
790 1485 2319 1628 hatt ijseit am anfang diser Jetzigen xed was
819 1601 2305 1738 ich noch int erken, die eenigkeit der pot
1698 1698 2304 1850 Wesen ick das
815 1698 1626 1828 lichen Drin alte kort
819 1793 2323 1908 ick darfur han, Das er mir daran vnrecht
2233 1881 2323 1930 vatet
817 1896 2330 2048 thut van ick so lang den plouwen yeper
811 1980 2290 2166 han. Das ichs woll weijss. So er aber
813 2085 2290 2262 min seitt, vnnd vor gsvitt hart, Das der
830 2193 2296 2364 Ann gottes sy das houpt der christen enchen
813 2284 2281 2463 kirchen, der da Ist Inn ewigkeit geporen
868 2397 2279 2574 oss. got. sijn himelschen vatter, Das gis ich
830 2492 2277 2658 onch nach, Das aber dorins Christus
817 2610 2317 2755 sich Das einig houpt, Das heb ick noch int
830 2686 2324 2858 nach, vnnd das vrsach, Das das
834 2783 2321 2989 Avert  Christus ist ein getlichs wort vnnd ist
