2479 3508
2078 343 2196 435 „hat
680 302 2233 530 Zu denen, Nun ist das vijch Christi wijt, van
682 462 2259 624 vffgang der Sonnen, bisß zu widergang der souen
687 556 2230 735 vnd ist kein Overur die allein selliche dienst¬
675 653 2213 813 barkent,, verwallvt hatt, Oder ouch verwallern,
699 750 2218 929 mogen, wie over monschen, bloe sind, So wird
689 844 2245 1013 onch volgen, Das Christus int warhafftig we¬
689 951 2233 1127 gewesen, wo er das einer person beuolen het
675 1059 2235 1236 vnd wir aber muegen erfinden, das ein person
701 1166 2264 1352 solliche Dienstbarkeit gefurt hatt, Dormubonch
704 1282 2208 1446 pott vill apastele erwelet hatt vum allso ouch
706 1384 2264 1555 Joff Die Wyss wie er daruon reden will wel
699 1485 2257 1667 Ichs doch die ystgrifft vndt weijsser stelckt syck
701 1599 2189 1761 int Das wir nebend vnserm einigen houpt
694 1696 2182 1882 christi, ein ander, geistlich Monarchi, oder ein
692 1804 1930 1993 vnder geordnet eintzig heupt Infuren
1338 1942 1662 2109 Senger
670 2056 2218 2271 Als ander artigkelt der ersten Concession, lut
699 2211 2228 2392 also Die kilch ist vss, dem wort pottes
697 2312 2242 2484 geperen. Da frag ick siecmael mancherleij
327 2407 2266 2530 # in der geschriffgestaelt, des wort gots gefunden wirt. Zum
697 2484 2245 2690 ersten. Das ewij wort, Johans am 1 cap: Im
697 2593 2286 2762 anfang was das wort, Item zum ander
704 2716 2271 2883 das geschriben wert, allß miner g. hern von
660 2808 2194 2997 Bernn Mandat wijsz Go In der Diblij
