2479 3508
867 119 1570 323 Des vierd schlußred
1866 144 2146 270 '6' 178
538 208 2123 440 Das wurde aber Dienen vieh men den schengen
476 372 2110 542 Dann den christen, Hierumb an desem ont¬
508 474 2131 627 zijn Chorunthern, am per cap: So haben creix ein
1150 557 1239 614 sein
540 557 2066 722 gemeinschafft vande gsvesthafft, vnd sine ouck
1936 640 2036 691 soo
538 665 2104 808 ein yseelschafft Inn unserm houpt „ Christo „ will
538 771 2136 899 darneben vn abgeschlagen haben, das die diener
533 835 2138 997 der kilchen gememach mit ein andern oder In¬
555 901 2161 1065 vnderheit, die Sacramenten, vswillen, wer diss
544 1001 2138 1164 ist zu allen geschriben, vnnd die nachgende wort
495 1092 2148 1288 Die erklerens so er spricht Dann wir will sind
525 1209 2144 1332 ein brot vnd ein lye Diswijl wir all eius brets
538 1230 2197 1454 theilhafftig sind, dan wir sijnd theilhafftig, zum ersten
540 1362 2184 1532 mit ein andern Des himelsthen brots Christi Jesu
533 1481 2202 1636 vnd hernach bezugen wir vns solches wanhafftig¬
538 1568 2206 1738 klich In den Sacramenten, Durch das Sacrament
529 1679 871 1819 lich bret
1162 1791 1519 1912 Althamer
538 1825 2216 2044 Als bringt nun her Doctor herfur dis grwisth
531 1972 2216 2129 wort, Parcovia heissz ein geselschafft, Das ver¬
538 2059 2189 2210 nein ick Im nitt Das an vill exten denselbi¬
529 2144 2202 2320 gen verstand, oder bedutung hab. Ober Daruss
531 2244 2231 2416 wirt uit volgen, Das es ouch hie muss haben
529 2344 2223 2520 Denn In der ii Epist: zum Oferin: am dij cop:
540 2422 2248 2597 oder lesten, So paulus spricht Die gnad vnsers
533 2535 2214 2722 hern Jesu Christi vnd lieben gets. vnd gemein¬
552 2639 2191 2814 schafft des heilligen geists sig mit vich allen
538 2726 2189 2922 stet ouch Das wortlij korceria vnd winstt
2085 2807 2180 2932 1.
