2479 3508
30 863 128 976 d'un
30 1060 122 1192 Il lui a
23 1162 143 1280 wint zuvor
30 1925 139 2044 It was you
15 2006 154 2119 warr the
23 2115 113 2213 disist
186 1955 291 2130 6
372 1895 489 2083 66
840 105 1508 293 die vierd schluß reden
1985 154 2126 235 168
526 224 2200 414 Der text des nachtmals so hall da stat der worten
532 348 2188 491 Das ist min lijb, das ist min blut das es int allso fie
547 434 2181 598 so es den geredt hatt der der gevallt vnnd vercheitt
540 517 2209 684 gortes ist, begeren ich vnderrichtung ze empfachenn,
532 596 2145 739 vff den Inwag von dem lemblin verstan ich wie
500 688 2179 854 Dasselb. ist wesentlich, cxodii am xii stap: vnnd lijb¬
528 780 2188 959 lich genossen worden, gleicher gestaelt, sollen wir ouch das
538 889 2215 1062 lam Christum so vmbemacket ist. In den 1 Ep: petri
528 972 2205 1149 am 1 cap: auch Johanius am ersten Cap: Versouckich
528 1062 2162 1243 vnd leblich messen, vff das Christus Jesus Das
513 1175 2126 1348 war lamb dein vor vergangnen schatten, glichmassen
534 1295 639 1429 ste
893 1277 2194 1431 In bijthous ick weele mich by macho
1553 1380 2094 1530 Darby will ick
528 1337 1416 1534 lieber finden lassen Ist wan¬
519 1463 2141 1628 aber lucans In den ovorten welchen fur vch geben
504 1579 2111 1709 wirtt, Vlichermass zu erklärung gern haben wie
513 1677 2232 1835 onch den paulum In der 1 Eo: zijn Oheringhern in ca¬
504 1782 2102 1923 will gern allso bliben, binnogatheo vnd panlo
504 1850 2175 2025 welche Das nachtmael genugsamlich erklaren
1053 1967 1613 2132 Oecolampadius
530 2019 2143 2245 Der Span disver sach will vast dar in stau ob
521 2166 2192 2348 Das worttlijck ist, wesenlich, v/ gelet werden soll wie
558 2277 2126 2444 dan min hen pfarrer bekent hatt. Das wider
540 2361 2158 2534 sprich Ich Im Hab des gut vrsach, Dan so
543 2467 2143 2636 Das wortly, ist, Inn der schrifft, In mancherle¬
513 2570 2155 2709 weg vss geleit werden mag So ist es von notenn
504 2653 2160 2828 Das solches vs. geleit opend nach dem vnd es ist
2049 2747 2192 2869 Dan
521 2756 2019 2929 gemaß vnnd int zewier Dem glouwen
