2479 3508
454 761 579 916 29
1010 130 1757 310 Die funste Schlussred
650 272 2227 402 des alten gesag, wellen vnkreftig anzeigen, vnnd
652 368 2330 496 werde mitt dem 16o fr andre opfer verwirft, om mass¬
669 477 2269 586 opfern nitt ouch verworffen, So welke Er merckenn
659 542 2240 684 vff disen Vilogismum, Christus het mitt einem
675 627 2315 767 Opfer, die geheiligten, das IJ erwolten gottes, In
667 709 2298 872 gewikeit vollendet, disk sind die wort des Apostols,
680 799 2217 929 ende inde 61 min vollendet, das Ist vogemacht, 60
669 901 2219 1033 wirdt alles anders opferen, mussten vergaben om
648 964 2263 1081 Und so man meindt, als die Massz opferer für:
644 1056 2284 1213 gaben, Es helfte den Christen, So muss Je clarlich
652 1136 2252 1290 volgen, das Es Christus opfer nitt volbendet hab,
705 1228 2273 1374 Also Ist is ouch mitt dem gnug tun, wir wer¬
663 1311 2296 1483 fhustig anzoigt Ist, Carumb durchdisz oot Pauli,
669 1410 2271 1560 ables opfern, vnd deshalb ouch das Maskopfer ver¬
669 1502 2269 1648 worsten Ist, Das Er aber vsz. Colchem, vns In¬
652 1583 2300 1715 gefurt het, Habe Christus fur vns ging gethan,
652 1675 2284 1832 So volge, das wir uijt dorften tun, Ist bij der dritten
644 1765 2248 1913 Othlussred, gnugsam verandtwurt, witter het fr
657 1851 2307 2020 anzoigt, wir mussen ein ewigen opfrer, vnd opfer ha¬
665 1939 2275 2083 ben, So Oije Christus min em mal gestorben, dar¬
659 2039 2290 2162 umb werde derselb tod, nitt des ewig opfer zin, Om:
652 2116 2225 2269 der man musse taglich In der Missz. erst opfernn,
665 2202 2213 2321 Oaruf gaben wir die andtwuet, vnser opfer, das
1771 2300 1945 2363 „vt.”
644 2290 2206 2440 Ist der tod Christi Jesu, Ist wol muij „ ein mal am
638 2388 2248 2522 Crücz verbracht worden, So gilt aber vor gott, fur
657 2466 2298 2637 vnd fuij, biss das alle sijnd der erwelten werden ab¬
650 2553 2334 2700 gethan, vnd Christus das rich dem vatter wergaben,
652 2639 2302 2792 das Es Ieg de henis mittens bedorffs, O unders gott
650 2752 2261 2880 gijt alles fu allen, daruon Paulus Thribt am. xv.
675 2838 2317 2976 zu den Cornithern, der ersten fpistel, vnd wirdt
