2479 3508
603 189 2335 427 Sounder van den lesten zijten, Soll her pfarre
601 337 2335 516 wijssen, Das die lesten zijt Christo vnd sinen op
640 455 2320 622 selen / alle die zijt heissst, die von der zijn Obgristi
614 544 1499 712 ist, bissz zu euwe der wele
2057 561 2255 664 Dir
607 612 2313 801 all mechtigkeit pottes erkennen wir woll, Das
607 736 2316 910 Dero alle dins moglich sind, es soll aber dabeyer,
592 825 2231 1012 wegen werden. Das eben die selb almechtigkeitt
612 934 2318 1095 mitt jr krafft das van macht, Das mit recht
607 1036 2337 1203 uerstantner & schrifft, oder gottes wort Inen ent¬
603 1127 2331 1323 gegen stat, Als auch das das sy vermeinen
603 1234 2298 1397 allein mitt der almechrigkeit zebestgirmen, Dan
2148 1338 2294 1443 vnd
618 1367 1891 1539 gott Im selvs int widerwertig ist
594 1436 2346 1621 wie er geredt hatt, Ich wird fuchin nu me
2148 1571 2283 1674 gls.
618 1569 1880 1732 In der Ovele sin Johannis xvii ca¬
605 1645 2302 1813 ist er ouch mechtig, Das niemand Inn lijblich
603 1745 2274 1930 In die weld zwingen mag wider sin wort / Er
614 1856 2289 2054 ist ouch so war das er sich vles int velscht
1236 1970 2194 2141 pfarrer von Appentzell
1032 2017 1127 2124 .
629 2041 2322 2259 Also referier ich mich ad acta, wie ichs dar
592 2172 2302 2363 gethan. vnd will also hiermit besten lossen haben
614 2289 2289 2470 mit minen darthanen gschrifft, vnd wo ick nit
612 2372 2276 2561 glichförmig ware ysin dem wort pottes, will
605 2457 2313 2653 ick mich albweg gemeiner Christen lichger kirchenn
592 2568 2274 2746 vnderwerffen, mich Zuberichten, lassen, nach Irem
1419 2651 2307 2792 Item van der verwand
605 2694 971 2842 voorss. vallen.
598 2716 2283 2953 ling des brots ist woll zu vermercken In dem
1967 2884 2091 3003 4
