2479 3508
768 315 2196 519 (wider her Berchweden) muns anligens vnnd
775 456 2213 611 meint er sollt nur antwort pen, so facht
781 551 2248 683 ex an vnnd fragt much, Ich solle Im antwort
1300 634 2222 788 Das man vor sollt vfflosen
787 647 1013 787 geben
787 724 2247 864 hab ich allweg gechert, ob man sollte fragenn
811 817 2220 977 Do mich fragt her Berchtold vnnd mir vff
790 909 2222 1051 min frag nit geantwort In dem so ick be¬
787 994 2239 1154 pert hab ein vnderstheid zwisthen dem hirten
822 1102 2241 1273 vnnd leren, Aber In dem dhein ver¬
796 1185 2211 1356 zug zehan sonders ein antwurt zegen vff
802 1290 2226 1452 sin frag, So er nach hat gelan ein gewaelt,
796 1398 2224 1560 geben sin, sinen lieben zwolff boten, muss
792 1513 2256 1662 In harnach volgen, so ein lerer sin hirt gepisten
1999 1588 2277 1713 Dessulben
796 1592 1984 1760 einem, oder hab einem zugepieten
787 1688 2220 1866 haupt sysserder obener Dan wir wend Ie
792 1777 2250 1975 mit Inn worten stan Das ich Dennocht nun
783 1894 2220 2015 Ding an tag bringen, vnnd das mitt mitt
730 1958 2245 2169 Om schweiffenden reden, So bring Ich harfur
815 2088 2258 2271 das heillig wert, Dasselb besoch her Bericht
1434 2209 1560 2264 dan
2030 2175 2262 2297 Der het
783 2211 1792 2367 told vnnd geb mue,, antwurt
798 2288 2256 2437 Jesus hat zu sinen lieben Jungern gesprochen,
813 2407 2290 2562 Er sind, das liecht der welet, wie wol
2048 2484 2256 2618 onne
783 2511 1871 2667 er Das recht einen lecht ist
781 2535 2290 2754 Das widerumb bezugt uss. Der pottlichen gl.
777 2701 2267 2835 Ich bin Das liecht, der welle noch jurist
807 2784 2275 2948 Dennocht int Die heilligen Zwolffboten Jesu
