2479 3508
15 701 138 804 wie in
24 843 164 993 Göllichs Abh.
22 962 151 1047 niet rien
17 1027 154 1142 and coesties.
19 1285 130 1445 tendich
28 1425 136 1544 opn zesen
22 1512 117 1667 ad zum
22 1721 145 1816 Ut Dechand
35 1806 151 1925 Das te meyn
22 2448 141 2556 hear my
958 130 1304 281 Die vierd.
1972 184 2132 292 174
1326 141 1669 307 schlußers dr.
558 260 2162 437 zu einem gesunden verstand, derselbigen Damit man
590 374 2162 517 mit vff Sophijen autt inn worten kempffe, sollichs
571 463 2108 595 wortt des nachtmalls mitt dem paulo, erklärett,
571 551 1014 681 Des Cropi bhalb
1131 549 2126 673 Aber das da ist wie gesser
560 640 2137 787 angezogenn, solle der vflegend tropus sin, die worit
567 716 2227 874 figuelich Im nachtmall anzeuemen, Alls daruon
567 800 2167 934 versdt vnnd gesthribenn, lass ich keines wegs nach
564 919 1304 1051 bisss zu wijterm bericht
1137 932 1615 1135 Ocolampadius
1464 1083 1600 1189 „ and
601 1099 2191 1306 Is ist kein sophiseri gnauw vff flißlich vff die
532 1237 2227 1388 wortt wercken, Es wer heer ein jophisteren wo man
573 1315 2173 1475 ein annere ovortt für andere Darschijbt, oder ouch
567 1410 2264 1555 ein anndern verstand, vss. den schrifften vmbewerlich
560 1505 2158 1646 Wolan Die wortt von hern Benedicht anzogenn,
525 1540 2260 1739 (wie ob gesagt ist) haeben mitt In Inen, Das wir vnder
521 1682 2195 1838 dem brot sollen ein gemeinsame Christi verstan, Es
582 1773 2212 1925 stett hie das wortlij ist vnnd stett nit vnder dem
586 1860 2238 2024 Grott ist, Es ist ouch ein Iodem verstentlich gnub¬
588 1953 2243 2117 am, das wir die Christen sind vnnder dem sacra¬
564 2050 1676 2204 mentlich brott nitt vergriffen sind
1083 2108 2011 2301 pfarrer von Santgall:
601 2236 2085 2413 Vff furtrag Doctors Ecolampadij, beger Ich
547 2357 2206 2524 keine wortt fur, die annder darzusthuen, oder ein
536 2433 2184 2589 andern verstand an gschrifft furbringen. Dann
541 2532 2212 2656 so ich hab die wert des nachtmalls erkläxet
547 2601 2227 2772 mit dem spruch pauli In 1 Exi: zum Chorm: & cap:
543 2703 2243 2867 kan es int unsthrifftlich sin. Derglichen sines
547 2807 2223 2954 sinns bewaring oder ustlegung van Im nochmall
