2479 3508
166 2161 352 2384 Oamestr
352 1011 520 1135 # also
451 1188 575 1319 Wm
240 1188 461 1331 47
1236 124 1997 308 Die viiii. Schlusred,
602 270 2252 425 dann Sie haben Junij, eine bruch wie erst gesagt Ist,
611 379 2264 497 das O: Oich vergangen mitt mutwillen, vnd wellen
611 459 2304 573 Oich dann vereelichen, vnd haben aber den ersten gou¬
613 548 2228 685 ben gebrochen, das Ist, Oi haben gevnkusthot, oder
623 640 2260 788 vuerberlich geladt, fe vnd Oider te nachgefragt ha¬
630 739 2285 901 ben, Oi Oijen euch des ansachens zur kirchen komen,
632 824 2235 992 dam Oi der gang verlasnen wittwen gewasenn,
617 929 2216 1070 das doch Eis nitt zijen gesin, vnd haben also betrug
621 1003 2306 1177 gethan, Cas Ist Haulo, den ersten glouben brachen,
630 1083 2241 1295 vnd wirdt hie des gelubds mitzit gedacht, Oann
630 1194 2279 1375 In dem vfnamen der wittwen, werden alle gelegen¬
636 1289 2142 1445 heitten amoigt, die zur selben Ordnung dienen
967 1409 1125 1485 de
634 1373 2241 1563 Aber Paulus levt darbij nitt, das man Inenn,
630 1455 2268 1634 e micherleij gelijbden solle anmuten, Oarnus zo
636 1552 2311 1725 dienst dissort nitt, die mentsthlichen gelubd zu be¬
653 1641 2271 1803 waren, Von der hand am pflugt, luce viiio. redt
657 1738 2285 1912 Christus von denen, die das Ruangelium predijénn,
663 1843 2271 2009 das die furfaren, nitt huidersich sachen Oollenn,
663 1910 2260 2066 vnd redt nitt vonden gelübden, die von den ment:
680 1990 2256 2186 sthen erdacht sind, dann In den selben fuijfaren,
672 2138 1316 2287 Ist hindersich gan,
1081 2132 1736 2346 xxv Jans Jonners
809 2247 1017 2325 Xm
1262 2231 1940 2405 tohannes buchstab
710 2410 2256 2633 Oft die gestrigen red Meister Vlrichen, Andt:
645 2546 2264 2719 voort Ich kurzlich also, Min meinung Ist nitt,
647 2624 2197 2806 das Paulus hie rede von den Priestern des alten
661 2719 2184 2932 testaments, witter, das die gelubden des alten
