2479 3508
17 749 146 840 aller rechten
15 816 150 940 Briften, O
33 992 146 1099 dtsch P
24 1069 148 1234 u. Gegen.
33 1904 133 2052 sist
22 2126 139 2235 Son cleyh
24 2189 137 2329 hulmeist
24 2287 135 2435 nug der
33 2413 150 2496 me O
28 2459 161 2596 fuyg, with
41 2816 155 2955 das Copije
211 847 339 981 190
165 2276 322 2431 Item
2028 174 2163 250 25
921 144 1711 324 Die fünfte Schlusckredi
538 302 2144 487 solte endchristlich sijn, wie van gots gnaden der herr,
538 431 2146 544 Jan Wilm orten, gulden hat gethan, belib von Jm noch
514 509 2161 622 wol vnangetast, wir sachen noch niet, om so volkom¬
533 594 2152 746 nen geist der offen barnug In Im, Damitt aber
359 679 2104 825 A aa die Opruch voorss. voorlixi, nitt verecht werden, ende
540 764 2107 892 reichen Oi nitt allein vff vierdhalb far, Ounder van
538 842 2080 995 der zitt har der abtrattuijg, bisz vff zukunft des
546 934 2128 1082 herren, Ourch den Furchtist, verstan wir nitt
553 1018 2126 1125 een gunderliche person, fo Ist zu gutter mass wol er¬
1632 1097 1867 1164 hat
533 1108 2120 1234 klijrt, wer sich min ein zitt lang, gesegt, an die Statt
538 1193 2174 1325 gottes, vnd vff welchen der Apostel Aaulus, zij den
553 1275 2168 1397 Thassabern, bedutijt hat, Man merck min allein,
540 1351 2120 1484 was ettlich lijt notachte, die da wellen ein ander hopt
529 1441 2057 1582 der christlichen Kilchen setzen, dann Christum
516 1506 2107 1684 Van sache in, was gotslestrige lec, ettliche hundert
529 1600 2146 1763 jar bisshar gebrucht goud worden, vnd noch werden,
538 1678 2150 1841 der Sacrament hebben, vnd andere Stucken, Erfindt
546 1787 2002 1919 gich wol, wie man abtratten Ist vom glouwen,
579 1867 2074 2004 Onser ler richt zu dem glauben, vnd wist nitt vom
540 1935 2109 2115 glouwen, wie da Godt bij dem Apostol, da Er tijtscht
540 2026 1983 2202 abträumning, da # Ist abtrattung des gleubens
668 2080 2161 2255 Der Apostel hat culbs erkendt Actorum.. xxx
533 2185 2113 2361 wie gar bald, schaelich wolff, In die kilchen komr:
538 2270 2098 2440 men solten s so hannes fu guer Epistel zoigt an,
535 2355 2122 2540 das Othan bij zuier zit, Ende christen zuw gewesen,
477 2448 2120 2618 Hierumb ouch das wib, So In die wuste geflochen
538 2544 2170 2705 fst, bedut en gemeine christliche kilch, van de alle
533 2629 2096 2794 die da gottsublig wellen laben, die liden die eurch
531 2722 2122 2877 achtning, vmb Christi willen, Secunda ad Thuio:
