2479 3508
2015 169 2139 283 73
1055 94 1693 362 Die erst Schlußrad
591 335 2157 510 Da klarlich anzougt wirt allen christ glouwigen
607 450 2167 617 monschen, wer Da regieren solle, die klechen
585 556 2175 731 gottes Er hatt nu besagt, Das getlicher aldem
603 637 2155 814 solle regieren / nach sinem genallen, vnd das
589 719 2107 932 kurtz, vnnd damit ich lab Dan, beuelch so
585 840 2121 1026 durch vnser gnedig herren, van Derim beiden
607 920 2218 1067 parthijen geben ist, sich ouch sollichs Daruach
607 1010 2196 1211 sollen wijssen, wijnschweiffend reden, so zu der
599 1153 1730 1314 sach int Dienen zu vnderlassen
1016 1239 1521 1430 Berchtoldus,
619 1380 2190 1617 Op Dem gewaelt, soll man schrifftlich ver¬
625 1573 2093 1726 stan ein beuelch vnnd machet uit mer
605 1643 2069 1792 ein houpt Dan die dienstbarkeit des
587 1760 2101 1894 Worts Die schrifft, so der pfarrer Inzogenn
613 1876 2089 2001 hatt vss der gesthichten, Der zwolff potenn,
585 1967 2109 2095 am xx cap: wie der heillig geist, hab bisthoff
593 2039 2071 2196 gesetzt, zu regieren, Die gemeine gotes soll
595 2121 2192 2302 er eigentlich verstaen was die schrifft ein Bi¬
601 2226 2129 2362 schaff nempt, Dann Das worten eigent¬
601 2328 2131 2487 lich heißt, ein wechter der den schafflin vor¬
611 2421 2107 2571 stand vnnd so refier alles ein hirtt, vrund nit aels
581 2509 2087 2670 ein halst her sonder wie deo hirt den schafflin
1306 2605 2127 2742 Allso hatt Christus ver¬
605 2595 1272 2754 vorgat sij zu weiden
593 2692 2131 2854 ordnet opostell quangelissen, propheren, hirtenn
496 2776 2107 2955 vnd lever, In erbuwme des lijbs Christi Jun
