2479 3508
805 296 2288 540 obresten hirten vnnd haupt der kirchen
772 464 2321 661 Dauwe Christum alles ein war Ingelebet Haupt
791 559 1230 754 Der kilchen
1502 924 1779 1066 vnser
791 1013 2301 1261 In dem namen vnsers lieben hern Jesu
813 1195 2317 1362 Christi allß min herren die predicanten
818 1292 2288 1475 In Iren schlussreden fuckenomen hanne
1393 1407 1506 1491 zesusen
795 1413 2327 1606 am tinnen heupt, Jesum, Christen licher klchen
789 1524 2327 1711 Lan ick nach furnemlick Christus Jesu
809 1637 2290 1799 Alss dem obristen, houpt ingelibst der
780 1740 2253 1925 Kilchen Das ist allen Christ gedubgen
766 1842 2329 2040 monstgen. Ich mein aber die voorss. hof¬
785 1955 2303 2110 xvo zu Das Durch sin ordnung vnd
793 2072 2340 2253 geheiß sins gotswort, vnnd siner zwolffboten
785 2173 2329 2376 andre oberer prelaten, Regenten vnd Heupter
801 2290 2301 2485 Junij der klechen, ouch sollen sin, Denn
793 2409 2296 2602 Ich Da kein Zangk will han, vmb das
791 2535 2284 2672 wort houpt. Alles glich eins wis Das
1043 2644 1193 2695 homas
807 2635 2321 2796 annder „ prelaten, oder oberer, welk di
818 2724 2340 2929 spricht. Der hebben zwolff pot zum Rhömer
2190 2857 2288 2972 28
