2479 3508
30 1025 126 1164 Diete
23 1173 130 1248 nahme
17 1248 135 1393 in Dm
34 1399 124 1613 des
36 1604 130 1705 sche thien
32 2023 139 2173 theophy
32 2151 122 2290 durch
15 2262 145 2405 enster vlij
2042 128 2247 256 222,
1194 117 1730 271 Die 4. stußwe
620 154 2256 412 off Das erst Sagen wir vnsers her Ist da brenn¬
568 338 2269 551 Darbarlick vnd wer naturlich gepercist wer doch
555 457 2235 626 ein varer monsten Der einen menschlichen lijb
547 579 2252 752 yehept hatt vnd noch Der nach art menschlicher
555 692 2226 833 natijr nur an einem ext zum all sin mag Damitt
562 769 2247 936 brechen wir der almechigkeit gottes midt ab got
579 863 2271 1053 mach alle eing, handlet aber nach dem erf durch
581 970 2271 1173 sin egen wort anzoigt, darumb so er sagt das
560 1092 2185 1269 Vnser her ein warer meusten sie, so bewysst er
594 1205 2192 1361 smen gevallt an Im, das er ein sollicher bleibe
594 1305 2177 1474 Des andern arrigkells halb sind wir so vill eins
575 1399 2262 1577 Das wir mit Inen bekennen, Das Christus der
570 1532 2243 1668 monstheit nach zu der gerechten des vatters
553 1641 1010 1805 erhocher ist
1230 1611 2269 1799 das sy aber wyter Jufuren die
1064 1664 1162 1773 1
570 1724 2258 1918 gerechte potes sye allenthale darumb moge die
564 1846 2207 2023 monsthet Christi, ouch allen habben oder glich
549 1957 2155 2132 Jan vill orten zu mall sin, Darmus sagen wir
549 2049 2188 2209 Das selches gar midt weget, vnser her Jesus
570 2185 2235 2356 Der Maistheit nach Ist erhocht zur gerechten
560 2288 2173 2463 gottes, Das ist im ist der groß gevoelt
560 2390 2190 2564 geben, sond ist erhocht wer alle Greaturen
624 2499 2209 2657 Das er aber Alles wie er selbs bekennet, Der
534 2604 2147 2784 monstreit nach Das er int Eerst oveniger ein
532 2700 2245 2899 vande monsten beliben ist, Darumb wis woll
1256 2822 2209 2993 vande Eer gewaet gottes
630 2818 1169 3012 Die herlekent
1965 2944 2064 3078 29
