<?xml version="1.0" encoding="UTF-8" standalone="yes"?>
<PcGts xmlns="http://schema.primaresearch.org/PAGE/gts/pagecontent/2013-07-15">
    <Metadata>
        <Creator>prov=READ-COOP:name=TrHtr:version=2.41.0:model_id=51170:date=09_03_2026_17:23</Creator>
        <Created>2026-01-27T10:33:44.249+01:00</Created>
        <LastChange>2026-03-09T17:23:32.580+01:00</LastChange>
        <TranskribusMetadata docId="13922579" pageId="112789921" pageNr="119" status="IN_PROGRESS" userId="537" imgUrl="https://files.transkribus.eu/Get?fileType=view&amp;id=AMVLVBNYIIHWRUMLOWGGBZNT" imageId="95348985"/>
    </Metadata>
    <Page imageFilename="112789921.jpg" imageWidth="2479" imageHeight="3508">
        <TextRegion orientation="0.0" id="tr_1">
            <Coords points="767,394 767,2856 2271,2856 2271,394"/>
            <TextLine id="tr_1_tl_1" custom="readingOrder {index:1;}">
                <Coords points="816,474 1172,445 1230,487 1356,436 1653,498 1704,448 1905,436 2063,485 2187,447 2187,334 2076,348 2005,412 1934,355 1624,377 1538,292 1436,379 1292,337 1179,363 1070,290 909,388 816,392"/>
                <Baseline points="826,441 894,444 962,444 1030,443 1099,441 1167,438 1235,438 1303,438 1372,438 1440,438 1508,440 1576,438 1645,437 1713,435 1781,435 1849,437 1918,439 1986,441 2054,440 2122,438 2191,441"/>
                <TextEquiv>
                    <Unicode>verstanden, soll werden, so einer In sin</Unicode>
                </TextEquiv>
            </TextLine>
            <TextLine id="tr_1_tl_2" custom="readingOrder {index:2;}">
                <Coords points="807,547 1008,547 1068,601 1130,547 1261,536 1407,578 1648,532 1830,585 1908,539 2178,569 2178,481 1903,439 1578,514 1447,456 1385,498 1227,490 1174,445 807,499"/>
                <Baseline points="818,543 886,540 954,540 1022,538 1090,537 1159,534 1227,534 1295,537 1363,540 1431,538 1500,535 1568,535 1636,533 1704,531 1772,530 1841,531 1909,531 1977,531 2045,538 2113,546 2182,552"/>
                <TextEquiv>
                    <Unicode>bruder sumcht vnnd van der sijnde, Ich</Unicode>
                </TextEquiv>
            </TextLine>
            <TextLine id="tr_1_tl_3" custom="readingOrder {index:3;}">
                <Coords points="806,691 1183,631 2041,652 2143,634 2145,587 1833,587 1735,541 1471,601 915,601 807,563"/>
                <Baseline points="815,632 881,634 948,636 1014,636 1081,631 1147,629 1214,629 1280,627 1347,629 1413,626 1480,629 1547,629 1613,629 1680,624 1746,623 1813,621 1879,618 1946,619 2012,620 2079,626 2146,629"/>
                <TextEquiv>
                    <Unicode>frag aber min her Doctor Weelcher</Unicode>
                </TextEquiv>
            </TextLine>
            <TextLine id="tr_1_tl_4" custom="readingOrder {index:4;}">
                <Coords points="793,751 1010,727 1064,776 1115,734 1294,760 1367,725 1480,778 1578,740 1751,789 1883,718 1997,724 2067,780 2189,731 2191,662 2079,631 1833,691 1764,621 1642,683 1473,632 1185,631 793,691"/>
                <Baseline points="803,719 872,723 942,725 1011,725 1081,722 1150,722 1220,719 1289,721 1359,720 1428,722 1498,722 1568,722 1637,722 1707,719 1776,717 1846,716 1915,716 1985,716 2054,716 2124,716 2194,710"/>
                <TextEquiv>
                    <Unicode>hocher sundet Inn sijn nechsten monstchen</Unicode>
                </TextEquiv>
            </TextLine>
            <TextLine id="tr_1_tl_5" custom="readingOrder {index:5;}">
                <Coords points="816,873 953,816 1103,822 1177,875 1292,826 2220,831 2220,769 2158,733 2043,789 1959,725 1815,731 1755,787 1476,785 1340,725 1066,776 1024,740 920,785 816,762"/>
                <Baseline points="826,818 895,816 965,815 1035,815 1105,815 1175,815 1245,815 1315,815 1385,814 1455,812 1525,813 1594,815 1664,815 1734,815 1804,812 1874,813 1944,810 2014,810 2084,812 2154,809 2224,809"/>
                <TextEquiv>
                    <Unicode>Jan dein Christenlich gemeinde. Den der</Unicode>
                </TextEquiv>
            </TextLine>
            <TextLine id="tr_1_tl_6" custom="readingOrder {index:6;}">
                <Coords points="1323,868 1376,864 1407,878 1458,878 1487,864 1542,866 1571,855 1573,815 1549,816 1535,831 1498,818 1462,831 1445,818 1416,835 1325,835"/>
                <Baseline points="1334,859 1360,856 1387,856 1414,856 1441,856 1468,854 1495,852 1522,851 1549,850 1576,850"/>
                <TextEquiv>
                    <Unicode>vngim kert</Unicode>
                </TextEquiv>
            </TextLine>
            <TextLine id="tr_1_tl_7" custom="readingOrder {index:7;}">
                <Coords points="784,942 906,973 1053,909 1319,955 1369,917 1974,926 2039,979 2152,911 2222,922 2222,871 2118,815 1802,857 1631,827 1560,886 1063,866 1001,818 937,866 782,873"/>
                <Baseline points="791,898 862,899 934,901 1006,901 1078,901 1150,904 1221,906 1293,907 1365,909 1437,913 1509,913 1580,911 1652,910 1724,910 1796,907 1868,910 1939,911 2011,909 2083,907 2155,907 2227,907"/>
                <TextEquiv>
                    <Unicode>das zwijtracht, vneingkeit stifft In vnserm</Unicode>
                </TextEquiv>
            </TextLine>
            <TextLine id="tr_1_tl_8" custom="readingOrder {index:8;}">
                <Coords points="2143,970 2154,968 2167,955 2185,962 2192,953 2227,979 2251,977 2245,889 2236,889 2198,933 2161,911 2156,917 2151,913 2140,917"/>
                <Baseline points="2152,946 2185,948 2218,952 2251,952"/>
                <TextEquiv>
                    <Unicode>licht</Unicode>
                </TextEquiv>
            </TextLine>
            <TextLine id="tr_1_tl_9" custom="readingOrder {index:9;}">
                <Coords points="789,1019 1597,1039 1857,1002 2234,1050 2254,979 2125,937 2048,988 1804,924 1682,968 1617,931 1500,968 1188,919 1030,917 908,973 787,942"/>
                <Baseline points="800,991 872,999 945,998 1018,997 1091,997 1164,997 1237,999 1309,1000 1382,1000 1455,999 1528,1005 1601,1017 1674,1002 1747,1003 1819,1003 1892,1000 1965,1000 2038,1000 2111,1000 2184,1003 2257,1006"/>
                <TextEquiv>
                    <Unicode>ten befleckten glonden vnnd der da fecht</Unicode>
                </TextEquiv>
            </TextLine>
            <TextLine id="tr_1_tl_10" custom="readingOrder {index:10;}">
                <Coords points="827,1088 1212,1081 1350,1123 1487,1086 1604,1128 1775,1084 2165,1104 2165,1042 1897,1041 1850,1004 1677,1048 1474,1013 1206,1048 1110,1008 1002,1061 933,1001 827,1048"/>
                <Baseline points="838,1080 904,1083 971,1083 1037,1083 1104,1080 1171,1079 1237,1080 1304,1084 1370,1083 1437,1086 1504,1086 1570,1086 1637,1088 1703,1086 1770,1086 1836,1083 1903,1081 1970,1080 2036,1080 2103,1080 2170,1080"/>
                <TextEquiv>
                    <Unicode>wider den rechten verstand des wort</Unicode>
                </TextEquiv>
            </TextLine>
            <TextLine id="tr_1_tl_11" custom="readingOrder {index:11;}">
                <Coords points="818,1217 1214,1176 1755,1186 1810,1221 1923,1186 2165,1259 2163,1117 1735,1086 1613,1145 1307,1155 1188,1086 1097,1137 816,1110"/>
                <Baseline points="826,1179 893,1177 960,1179 1027,1179 1094,1179 1161,1176 1228,1176 1295,1179 1362,1179 1429,1180 1496,1185 1563,1185 1630,1185 1697,1185 1764,1185 1831,1185 1898,1185 1965,1185 2032,1185 2099,1186 2167,1188"/>
                <TextEquiv>
                    <Unicode>Gots vnnd muw noten vn de seven stifft</Unicode>
                </TextEquiv>
            </TextLine>
            <TextLine id="tr_1_tl_12" custom="readingOrder {index:12;}">
                <Coords points="858,1290 1057,1289 1114,1338 1369,1278 1431,1312 2180,1316 2180,1258 2048,1228 858,1208"/>
                <Baseline points="868,1280 933,1277 999,1277 1065,1277 1131,1277 1197,1277 1263,1277 1328,1274 1394,1276 1460,1281 1526,1281 1592,1283 1658,1283 1724,1283 1789,1283 1855,1283 1921,1283 1987,1286 2053,1287 2119,1286 2185,1283"/>
                <TextEquiv>
                    <Unicode>Vijtter so zoigt der text hie luter vnnd</Unicode>
                </TextEquiv>
            </TextLine>
            <TextLine id="tr_1_tl_13" custom="readingOrder {index:13;}">
                <Coords points="816,1402 1454,1383 1542,1443 1808,1392 2236,1402 2236,1268 2110,1338 1939,1352 1728,1290 1611,1330 1170,1303 1124,1341 1013,1289 950,1347 816,1338"/>
                <Baseline points="826,1376 896,1378 967,1379 1037,1379 1108,1380 1179,1382 1249,1382 1320,1382 1391,1385 1461,1382 1532,1384 1603,1383 1673,1382 1744,1382 1815,1379 1885,1381 1956,1380 2027,1380 2097,1378 2168,1376 2239,1376"/>
                <TextEquiv>
                    <Unicode>klar an Das der her/ nedt van enbernuß</Unicode>
                </TextEquiv>
            </TextLine>
            <TextLine id="tr_1_tl_14" custom="readingOrder {index:14;}">
                <Coords points="816,1496 1874,1487 1946,1522 2096,1474 2229,1507 2229,1405 2151,1381 1564,1449 1338,1405 1141,1394 1019,1442 816,1405"/>
                <Baseline points="826,1462 896,1464 966,1465 1037,1468 1107,1471 1177,1471 1248,1474 1318,1477 1388,1477 1459,1477 1529,1477 1599,1478 1670,1477 1740,1477 1810,1477 1881,1475 1951,1474 2021,1474 2092,1473 2162,1471 2233,1474"/>
                <TextEquiv>
                    <Unicode>darumb sagt, der her, oven ein glie Dir</Unicode>
                </TextEquiv>
            </TextLine>
            <TextLine id="tr_1_tl_15" custom="readingOrder {index:15;}">
                <Coords points="816,1598 893,1624 1035,1578 1301,1640 1347,1595 1411,1626 1943,1571 2094,1611 2202,1578 2202,1513 1653,1522 1587,1482 816,1533"/>
                <Baseline points="826,1573 895,1575 964,1572 1033,1570 1102,1570 1171,1573 1240,1576 1309,1579 1378,1579 1447,1576 1516,1578 1585,1576 1654,1576 1723,1576 1792,1576 1861,1573 1930,1570 1999,1570 2068,1570 2137,1567 2206,1564"/>
                <TextEquiv>
                    <Unicode>exgermus gipt/ so schuids is, vnnd wirffs</Unicode>
                </TextEquiv>
            </TextLine>
            <TextLine id="tr_1_tl_16" custom="readingOrder {index:16;}">
                <Coords points="1436,1710 1578,1679 1941,1706 2008,1669 2161,1653 2194,1680 2220,1611 2012,1611 1977,1582 1894,1629 1804,1587 1711,1635 1547,1587 1491,1622 1438,1606"/>
                <Baseline points="1447,1662 1485,1667 1524,1668 1563,1668 1601,1668 1640,1668 1679,1671 1717,1671 1756,1671 1795,1670 1834,1668 1872,1668 1911,1668 1950,1665 1988,1663 2027,1662 2066,1659 2104,1656 2143,1655 2182,1653 2221,1653"/>
                <TextEquiv>
                    <Unicode>Das an Zwyffell van</Unicode>
                </TextEquiv>
            </TextLine>
            <TextLine id="tr_1_tl_17" custom="readingOrder {index:17;}">
                <Coords points="822,1691 968,1669 993,1686 1135,1679 1172,1713 1245,1704 1243,1598 1197,1622 1110,1597 1075,1611 1057,1593 995,1635 877,1624 862,1609 822,1624"/>
                <Baseline points="832,1668 857,1666 883,1665 909,1665 935,1665 961,1665 987,1665 1013,1665 1039,1665 1065,1666 1091,1667 1117,1669 1143,1671 1169,1671 1195,1671 1221,1671 1247,1671"/>
                <TextEquiv>
                    <Unicode>von dix ende</Unicode>
                </TextEquiv>
            </TextLine>
            <TextLine id="tr_1_tl_18" custom="readingOrder {index:18;}">
                <Coords points="822,1799 1864,1786 2045,1852 2092,1802 2214,1830 2213,1682 2163,1653 2056,1708 2001,1671 1886,1739 1815,1691 1613,1724 1279,1662 1163,1746 946,1671 820,1728"/>
                <Baseline points="832,1779 901,1767 970,1767 1039,1770 1109,1773 1178,1771 1247,1773 1317,1773 1386,1773 1455,1773 1525,1775 1594,1776 1663,1781 1732,1782 1802,1781 1871,1779 1940,1779 2010,1775 2079,1773 2148,1776 2218,1770"/>
                <TextEquiv>
                    <Unicode>verstlichen gludern, Des hern zeverstan ist</Unicode>
                </TextEquiv>
            </TextLine>
            <TextLine id="tr_1_tl_19" custom="readingOrder {index:19;}">
                <Coords points="835,1952 913,1886 1646,1892 1742,1952 1804,1903 2145,1888 2145,1841 1956,1855 1875,1793 1742,1846 1675,1793 1516,1832 1429,1792 1327,1841 1243,1784 1086,1850 835,1808"/>
                <Baseline points="844,1877 909,1877 974,1874 1039,1877 1105,1879 1170,1883 1235,1883 1300,1883 1366,1883 1431,1883 1496,1886 1561,1889 1627,1889 1692,1889 1757,1889 1822,1887 1888,1886 1953,1884 2018,1883 2083,1881 2149,1880"/>
                <TextEquiv>
                    <Unicode>so ein mensch den anndern, oder einen</Unicode>
                </TextEquiv>
            </TextLine>
            <TextLine id="tr_1_tl_20" custom="readingOrder {index:20;}">
                <Coords points="826,2025 946,1988 1314,2027 1378,1990 1547,2039 1655,1988 1781,2025 1972,1999 2061,2056 2120,1999 2267,2014 2229,1901 2067,1948 1906,1890 1742,1950 1640,1892 1365,1956 1294,1888 1221,1932 1119,1886 826,1948"/>
                <Baseline points="835,1979 906,1984 978,1988 1050,1985 1122,1986 1194,1988 1265,1986 1337,1985 1409,1987 1481,1988 1553,1988 1624,1986 1696,1988 1768,1987 1840,1988 1912,1988 1983,1985 2055,1985 2127,1980 2199,1972 2271,1967"/>
                <TextEquiv>
                    <Unicode>gantzen Christen gemeind ergenuijs gul. gibt</Unicode>
                </TextEquiv>
            </TextLine>
            <TextLine id="tr_1_tl_21" custom="readingOrder {index:21;}">
                <Coords points="818,2123 1001,2079 1064,2129 1161,2094 1365,2152 1449,2101 1961,2131 2180,2103 2214,2047 2121,1999 2061,2058 1968,2001 1903,2069 1438,2014 1274,2050 1166,1997 816,2039"/>
                <Baseline points="826,2083 895,2076 965,2077 1034,2082 1104,2083 1174,2083 1243,2086 1313,2088 1382,2092 1452,2092 1522,2092 1591,2092 1661,2092 1730,2092 1800,2095 1870,2096 1939,2098 2009,2097 2078,2092 2148,2082 2218,2071"/>
                <TextEquiv>
                    <Unicode>Dan Je Kein grösser exgerums mit ist Dan</Unicode>
                </TextEquiv>
            </TextLine>
            <TextLine id="tr_1_tl_22" custom="readingOrder {index:22;}">
                <Coords points="826,2216 1259,2192 1352,2253 1403,2203 1509,2231 1553,2196 1846,2256 2172,2198 2247,2242 2245,2138 2100,2143 2039,2098 1598,2163 1505,2101 1369,2154 1203,2105 1088,2149 1002,2079 824,2105"/>
                <Baseline points="835,2172 905,2173 976,2173 1047,2176 1118,2179 1189,2179 1259,2183 1330,2185 1401,2188 1472,2188 1543,2188 1613,2188 1684,2191 1755,2194 1826,2197 1897,2197 1967,2197 2038,2195 2109,2190 2180,2182 2251,2185"/>
                <TextEquiv>
                    <Unicode>Zextreuung In vnsrem vmbefleckten glen¬</Unicode>
                </TextEquiv>
            </TextLine>
            <TextLine id="tr_1_tl_23" custom="readingOrder {index:23;}">
                <Coords points="815,2267 826,2267 847,2287 860,2289 877,2282 898,2287 915,2274 926,2278 937,2267 955,2265 953,2207 937,2209 924,2196 902,2196 886,2209 864,2205 853,2213 813,2222"/>
                <Baseline points="824,2263 851,2263 878,2264 906,2266 933,2267 961,2269"/>
                <TextEquiv>
                    <Unicode>ben</Unicode>
                </TextEquiv>
            </TextLine>
            <TextLine id="tr_1_tl_24" custom="readingOrder {index:24;}">
                <Coords points="1159,2313 1409,2291 1502,2338 1669,2300 1724,2335 1888,2324 1948,2369 2016,2300 2216,2320 2214,2227 2067,2207 1996,2258 1706,2265 1427,2203 1354,2254 1250,2198 1155,2209"/>
                <Baseline points="1167,2269 1219,2271 1272,2276 1325,2280 1377,2282 1430,2283 1483,2286 1535,2284 1588,2289 1641,2291 1694,2294 1746,2295 1799,2298 1852,2301 1904,2301 1957,2301 2010,2299 2062,2298 2115,2291 2168,2290 2221,2295"/>
                <TextEquiv>
                    <Unicode>Darumb hernach volgt, Das</Unicode>
                </TextEquiv>
            </TextLine>
            <TextLine id="tr_1_tl_25" custom="readingOrder {index:25;}">
                <Coords points="837,2397 1298,2391 1358,2437 1575,2411 1640,2460 1733,2415 1915,2451 1976,2408 2109,2449 2207,2420 2207,2362 2127,2324 1952,2369 1850,2333 1779,2375 1584,2300 1498,2340 1422,2300 833,2284"/>
                <Baseline points="847,2376 915,2376 983,2379 1051,2382 1120,2385 1188,2385 1256,2388 1324,2390 1393,2394 1461,2394 1529,2394 1597,2396 1666,2401 1734,2405 1802,2409 1870,2412 1939,2411 2007,2406 2075,2404 2143,2400 2212,2394"/>
                <TextEquiv>
                    <Unicode>dijer telt vorussz. vnd voran In erstin</Unicode>
                </TextEquiv>
            </TextLine>
            <TextLine id="tr_1_tl_26" custom="readingOrder {index:26;}">
                <Coords points="818,2508 917,2482 997,2508 1161,2495 1208,2531 1254,2493 1365,2544 1453,2522 1445,2389 1358,2455 1265,2393 1135,2449 935,2406 815,2429"/>
                <Baseline points="826,2466 857,2470 889,2474 920,2477 952,2479 983,2483 1015,2486 1046,2486 1078,2486 1109,2487 1141,2489 1172,2489 1204,2489 1235,2489 1267,2492 1298,2494 1330,2496 1361,2498 1393,2498 1424,2498 1456,2498"/>
                <TextEquiv>
                    <Unicode>voll zo verstan ist</Unicode>
                </TextEquiv>
            </TextLine>
            <TextLine id="tr_1_tl_27" custom="readingOrder {index:27;}">
                <Coords points="809,2664 1022,2604 1841,2683 1937,2635 2140,2648 2138,2564 1946,2506 1817,2593 1635,2588 1460,2517 1340,2579 1170,2497 1022,2562 891,2484 804,2502"/>
                <Baseline points="818,2603 884,2600 950,2603 1016,2604 1083,2609 1149,2611 1215,2612 1281,2613 1348,2615 1414,2619 1480,2623 1546,2628 1613,2630 1679,2633 1745,2635 1811,2635 1878,2633 1944,2630 2010,2627 2076,2627 2143,2627"/>
                <TextEquiv>
                    <Unicode>Zum Driten hat min her Doctor</Unicode>
                </TextEquiv>
            </TextLine>
            <TextLine id="tr_1_tl_28" custom="readingOrder {index:28;}">
                <Coords points="811,2737 1617,2728 1788,2765 1830,2730 1943,2799 2041,2739 2187,2748 2185,2663 2100,2683 1972,2635 1877,2695 1720,2652 1669,2694 1372,2648 809,2663"/>
                <Baseline points="821,2698 889,2700 958,2701 1026,2704 1095,2707 1163,2710 1232,2713 1300,2715 1369,2720 1437,2722 1506,2726 1574,2728 1643,2726 1711,2731 1780,2731 1848,2731 1917,2731 1985,2731 2054,2731 2122,2731 2191,2734"/>
                <TextEquiv>
                    <Unicode>antwort geben, wie das deser telt</Unicode>
                </TextEquiv>
            </TextLine>
            <TextLine id="tr_1_tl_29" custom="readingOrder {index:29;}">
                <Coords points="756,2839 893,2823 1026,2874 1124,2821 1227,2878 1431,2839 1569,2912 1658,2839 1912,2909 2001,2847 2223,2876 2222,2774 2131,2794 2045,2747 1870,2803 1812,2757 1524,2736 1338,2772 1097,2716 1030,2757 984,2712 755,2768"/>
                <Baseline points="767,2818 839,2810 912,2806 985,2809 1058,2809 1131,2809 1204,2812 1276,2815 1349,2818 1422,2823 1495,2825 1568,2824 1641,2827 1714,2827 1786,2830 1859,2834 1932,2836 2005,2835 2078,2832 2151,2827 2224,2827"/>
                <TextEquiv>
                    <Unicode>verstanden soll werden, niet van der ge¬</Unicode>
                </TextEquiv>
            </TextLine>
        </TextRegion>
    </Page>
</PcGts>
