2479 3508
2085 137 2199 222 280
1096 170 1804 372 Die vi. Schluskeed,
546 363 2147 529 wider gottes willen seyt, Das aber darbij wirdt In:
523 467 2072 590 gefurt, Co bitten Sieuch fur uns, Ist nitt racht,
538 536 2114 671 dann ob wir glich bisshar, von fürbitt Christi, haben
556 635 2168 764 lissen reden, Ist doch dasselb allein, vmb guts ver¬
556 716 2085 870 stands willen beschächen, Nitt dao Jan anders sije
540 808 2209 949 weder wir Ien In den worten. 1o. Johannis. ii. capite,
556 891 2139 1026 horen werden, da also stat, mine kind, ich Othrib
544 978 2107 1129 v'sch dise duigt, das Ir nitt günden, vnd ob aber einer
546 1075 2145 1186 Sundote, So haben wir einen furstander oder vertro¬
556 1156 2222 1302 ster, bij dem vatter, Jesum christum den gerichtenn,
550 1242 2186 1397 vnd der Ist die gnedigung fur vnser sünden, Hie
544 1327 2116 1474 mercken wir, das Christus nitt mitt anngsthaftem
550 1428 2114 1555 flachenn oder niderfallen, fur vns bitt, wie wie
561 1530 2153 1646 botten verstan wellen, Onnder das ym gebett fi¬
529 1586 2118 1713 nist erhort (als Hebreorum v. Stat, Er Ist zur
546 1690 2118 1792 (zitt sines fleistijs, das Ist tods, erhoort worden) In
534 1771 2118 1918 die erwikert gnug, Oann dasselb mijnit anders,
525 1848 2082 2020 weder die bezalung fur unser gijnd Ist, So aber
519 1939 2134 2099 Colich gebett, das Ist bezalung fur unser ound, nie¬
544 2035 2134 2186 mand tun mag, weder der einig Christus, Oann
538 2132 2114 2278 niemand gott und mentsth, niemand ein einiger
532 2215 2080 2371 mittler gottes vnd der mentschen Ist, weder Er
538 2309 2186 2429 So volgot nitt, Christus hat die kraft oder gwalt,
534 2402 2039 2512 darumb haben es die verserwelten auch, Oder aber,
529 2479 2060 2635 das Christus gott fft, musste volgen, v und
532 2570 2008 2714 die saligen ouch gott is, Cas gar nitt Zimpt,
552 2653 2116 2795 Das die Oaligen fur vns, glich'sam ouch die Engel
519 2747 2060 2898 fur uns bitten, lassene wir nitt nach, Dann es
