2479 3508
620 177 2338 390 flogen hert mogen hare komen Vber das hat
644 328 2340 498 In min lieber her vnnd bruder Meister Waich
620 418 2333 545 Lang Daruor vff eis Elsontatien ernordertt
651 509 2366 677 deß halben er sich der zijt halb int beklagen mag
576 604 2355 786 Darnack schendet er In sinem brieff, die christen
626 719 2364 883 biche disputation schilletet sy ketzenst. vnd schlecht
631 824 2322 965 mir vill. pichter fur vor welschen/ er mitt
611 916 1501 1060 mir Disputieren wolle,
1904 930 2313 1038 Wille allso
671 974 2331 1184 Das vrtheel der schrifft van der Christen
607 1109 2364 1268 lichen gemeind vff ander richter wenden wel
622 1233 2010 1364 ches doch der schrifft gantz wider
2028 1251 2351 1353 wie In
662 1328 2344 1472 vergangnen tagen gnugsamlich, geboort worden ist.
693 1415 2380 1545 Darzu hatt er sebs vermals an rechter zu Baden
618 1514 2347 1694 disputiert. Jetz aber will er vns vnverwegent
646 1614 2344 1771 richter haben, Darumb er weder schrifft noch
629 1711 2307 1879 chempell der schrifft hatt Oder mij
635 1806 2364 1977 mit hie ist, vnnd ich gegen Im nichts handeln
613 1906 2307 2079 kan bezien ick mich offenlich vor deser ge
629 2015 2298 2178 mand potes Das sich vrputtig bin Dem
626 2112 2371 2276 ecken vnd mengklichem minen leer antwort
629 2212 2349 2393 zugeben, Overijsz sy, ouch mit getlicher voorss. hafft
607 2322 2366 2499 zu erhaltten, Wo mir ein fryer, sicherlichen
1665 2417 2342 2557 verhoff allso es
629 2417 1357 2597 platz bestimpt wirt
620 2499 2366 2718 werden all fromm verstendig Christen erkennen
626 2628 2362 2805 Das Die sach an mir int erwunden hat
651 2734 2364 2913 sonder Das ich mer dan ick stemlde gewasten
635 2840 1322 3004 wäre gethan hab
1370 3020 1618 3217 1-28/
