2479 3508
820 227 2170 462 Krafft, lint der worten, vss gechelen werde,
1280 374 1799 553 ecolampie ins
745 469 2307 694 der pfarrer Ich hortgern Das in lassende vallen
838 616 2239 755 Das Das wortl. ist niet wesenlick genomen
1348 709 2324 861 Also dermassen Das. Das bret
808 724 1050 878 vande
825 798 2307 974 göttlichem wesen vereinbaret werd / In ne¬
825 904 2334 1070 mend aber ein figurliche red an. Das ist Solse
815 994 2329 1171 will heissen vander Dem brot, ist der lye
845 1095 2297 1259 ende denn win ist das bliet, so volgt nu
830 1196 2284 1360 vff viver red, Das das brot nit ist der
293 1272 2322 1484 te sonder vnder Inen heb vnnd der winn int ist das blut, solche
341 1451 2236 1567 (wie er sagt) ist der fuhreiche red bringent Ir min by mitt
336 1509 803 1633 lyb vnd das blut
843 1517 2329 1683 schrifften, Dan der spruch will verhinnen
810 1615 2011 1769 allso klar sin wie in hand furgen
326 1658 861 1850 xm xvi tag
926 1666 2201 1905 Penners Pfarrer von Sant gallen/
926 1820 2327 2024 off die nechstgen frag mijns het doctors Eco¬
727 1943 2294 2097 Campaen int not mitt warten wider zu affermin
830 2052 2317 2213 versachet mich zu disser antwort Im gegeben
813 2120 2332 2314 Der spruch pauli, zum Thorinthern per cap. vnd
775 2228 2334 2423 Das buot welches wie breschen Ist das int die
805 2334 2350 2514 vst theillung des lebs Christi Dann die wijssen
810 2430 2342 2599 mit den andern accidentijs, oder accidentibus vns
798 2514 2350 2711 Darzu vrsachet, Daruff wir sagen, O doch vnder
780 2630 2334 2822 werffen/ wir allweg vnsern verstand / einer chri¬
813 2723 2329 2928 ten licher erklaring.) vermogen, die ob angezogt
