2479 3508
814 248 2320 494 vnnd erfindt sich, das gar ein frembde wijs za¬
816 398 2314 576 reden ist, sprechend das ein schacrumm, so das
793 484 2345 687 Wasser so man verstan will, dadurch In schwum
1609 597 2329 754 Allso ouch se sind es
814 594 1486 765 syn Das wasser
806 697 2329 853 frombed wysz zureen, so man spricht der bechen
806 804 2302 951 Ist ryffwin so erfinet sich so klarlich, Das
824 888 2302 1070 Der becher Jun sinem wesen, silberen, oder vssz
810 986 2325 1140 einer anndern Macherij ist vnd mit win, wij
799 1089 2339 1244 woll er den win hellt weer wo man sol¬
804 1181 2327 1304 lich red brucht, Da muß man ein toon annemen
775 1267 2331 1429 van welchem doch her Beudicht vnd sin anhandt
802 1375 2325 1546 so gros abstenchen tragen, Das exempell Das een
789 1476 2329 1652 brucht, Das ijsen ist fur, Ist ouch ein vnbruch
799 1578 2325 1736 liche red man indthij woll sprechen Das
791 1681 2335 1853 ijsen ist furm, Darumb es schlechter behaelff
804 1787 2347 1956 ist, vnd vsserthalb der schrifft, So er aber kunge
789 1882 2320 2042 Inn die perschrifft, vnnd zucht an den spruch
787 1992 2329 2173 gess. Der Epistell pauli, zun Chorm: am xxx
748 2091 2314 2265 o vnd sagt pan: sprech, Das brott das wir
781 2167 2343 2357 brechen. Das ist ein vstheilung des lebs Amster
750 2298 2300 2458 (e also hatt ers getuijgen) Da bringt er vns
781 2398 2320 2562 Die wort pauli anders herfur, Dan sy Im telt
806 2493 2327 2675 stand. Inhallet des jegts Ist sollicher, Das brot
797 2599 2335 2751 das wir brechen Ist das nitt die gemein¬
801 2696 2345 2870 schafft, des lebs Obristi, Da stet int vsstherkunst
822 2784 2329 2960 Es schit ouch nitt Da Inn van brott, Das
