2479 3508
143 285 380 428 Een Basïs
985 124 1761 298 Die funfte Schlussered,
626 261 2278 450 ders, dann ein Quisis, Ein vsgang die personen zu:
624 389 2298 524 besthriben, Als Genesis, xiiij. eygenlich erfunden
626 463 2359 604 wirdt, Das demnach anjongt wordt, Er hab nugit vf:
626 548 2374 711 goopfrot dann wie und brot, Reden wir also, wetten
626 626 2363 767 & i verstan, von dem win vnd brot, das Er hie Abraham
628 726 2322 883 gebracht hat. So sagen wir, das Er das nitt vfgeopfrot
633 820 2239 961 hab, vnd Ist min peticio principij, des bi ouch nitt
628 900 2306 1059 vfgropfrot sind, Souerr Si aber verstan wellen von
633 987 2269 1096 andren opfermalen, wo welken Oi te waren, das Er
639 1063 2274 1237 zu andren zitten, dem obristen gott, nitt hab vfge¬
633 1165 2230 1304 opfrot win vnd brot, dann die negatinam mogen
626 1246 2224 1369 Oi nitt bewaren, Das ficht aber nitt wider vns,
626 1356 2300 1485 Er habe wij vnd brot vfgeopfrot oder nitt, dann als
626 1422 2348 1572 &i sabbs bekomen, So het Melchisedech, e ich zalbs
639 1535 2330 1678 nie In tod vfgeopfrot, vnd Ist aber ein bedutter Chri¬
648 1604 2274 1769 sti, darus volgot, das wie Melchisedeth vfgeopfrot
641 1702 2252 1843 hat, das 8½ was es welle 1 das Er damitt beeuttot
633 1798 2215 1937 hat, das opfer, da Christus sich salbs vfgropfrot
628 1882 2335 2054 hat, Melchisedoch Ist nitt ein figur unser pfaffen¬
633 1980 2330 2143 Cunders om figur Christi, deshalb die figur mijgit
641 2059 2245 2243 beweijt, das unser verfaften vijft opfern, vnd lutet
626 2165 2276 2335 die Oblusfred In Ouma, das die wasß nitt ein op
626 2259 2206 2391 fer zije is 1 Da haben 6 i das 1 noch mitt deheinem
643 2367 1556 2524 besthluss, mogen Infuren,
1169 2515 1689 2693 gidius murer
617 2685 2363 2902 Das Meister Vlrich gesprochen het, das woortli finin
628 2839 2295 3002 stand mitt Inde Griechisthen noch Hebreisthen,
