2479 3508
2016 129 2137 220 300
1153 127 1893 315 Die viiii. Schlusred
575 266 2192 429 das Oi Ouchen vwere guten werck u, Volgt hirnach
561 373 2093 532 wir om ding lert, vnd das thut, der wirdt gross
571 474 2093 623 gricht In den Richder hunlen, Oomlichs wirdt
571 565 2135 681 In den Jongen salten erfunden, die vil mer nach
563 651 2182 811 dem fleisth, dann nach dem geist geneigt sind zu¬
587 748 2149 913 laben, Dann is geschriben dat, fittesiastes xii
575 837 2107 992 die Jugend vnd der will sind Othnood, darumb
567 942 2129 1061 was nott, das die, So ein gönlichen vner horten wa¬
571 1036 2178 1180 ren fuangelisthen glouwen verkundten, Oich nach
569 1127 2129 1284 freu leren erzougten, Das aber Ingefurt Ist,
575 1242 2135 1383 Oas fe verbietten, sije des tufels ler, gib Ich zu,
581 1323 2155 1440 nach der wiss, wie die ferenden Martiani und Latia¬
575 1413 2131 1567 in gethan haben, Demlichs beschicht aber zu vnse¬
571 1508 2161 1649 ren zitten nitt, wie vorgemeldet, wann Ich fur¬
563 1589 2125 1708 min person, nitt klagen ten, das mir die Er ver¬
571 1688 2145 1853 betten sije gesin, Ich hette Oi aber mir Talbs, durch
569 1801 1450 1946 gelubde mogen verbietenn,
1540 1772 1857 1934 0
1036 1921 1897 2083 Meister Vlrich zwingli
587 2099 2182 2329 Maria vnd Oaphira verstlichen, Ist de hem gelijbe
559 2242 2087 2395 bruch gewesen, Eunder ein glichstnerij, Carumb
546 2337 2103 2512 ende gott gestraft hat, Oann getrus sprecht, was
546 2428 2081 2569 nitt der October In dinem gewalt, vnd so du fun¬
563 2532 2087 2680 Verkouft hast, So Ist das gelt aber Indinem gewalt
550 2603 2135 2762 gewasen, In welchen worten wir mercken, das Er
556 2692 2093 2865 da mij get. gelopt hadt ouch das die Apostel, nitt
740 3357 1627 3444 DATES DES ACTES
