2479 3508
212 359 550 534 2Iii
2085 170 2226 278 294
1163 176 1810 349 Die vii. Thussredi
615 305 2155 478 Sinem Hus, de werden harnach die gottlosen, gar
583 419 2174 556 mitt einer havten] Straff, gestraft, hierumb In
606 502 2195 650 dehemen wig, magt das Ort zum fag fur dienen
1179 610 1867 808 Johannes buchstab
702 801 2205 959 ise gloss Ist mitt wider mich, dann Pij negit
604 965 2120 1084 Christlichs, In Ire haltet, das das wortli Crocor,
612 1015 2147 1167 ein ewige gefaucknig sije, Eerglichen ouch fin¬
608 1100 2114 1246 den wir, fsalmo. 1o. xxxxj. fur vsz. von dem
608 1173 2249 1325 kerker min Pol, vnd diewil de hein volkomme schrift
621 1271 2128 1416 harfur wirdt gebracht, das das wortli kerker,
612 1362 2128 1532 ein ewige gefencknij zije, wirdt diser text, nach
617 1447 1634 1611 minem fürgaben, vest bliben,
1165 1543 2220 1738 Doctor Johannes Oecolampadius
586 1746 2166 1941 Van besache bij dem Propheten Esari, was vor vnd
604 1867 2153 2016 nuch gange, So wirdt sich wol erfinden, Ob dis¬
598 1956 2139 2097 mij glos, fin frombde sije, oder nitt, In dom. 1.
953 2045 2149 2184 1. Fsalmen, Mag man vss. dem tittel¬
604 2058 916 2203 und xxxi
598 2105 2249 2280 desselben salmen, wel vermercken, was der Etuw
606 2220 2126 2381 verstanden heb, durch den kerker, Oann derselb
594 2300 2114 2440 Esalm, hat ein solche werstheift, Ein verstand
602 2357 2130 2537 David, da Er was In der hule, von welchem wol
598 2477 2265 2635 zu vermercken, das der Cauie begaet het, von Paul
586 2581 2155 2716 Erledigot zu werden, und von snier anfachtung,
586 2643 2207 2784 welche anfachtung fremen kerker nennet, Also
586 2751 2226 2909 euch, So wir bitten disen Psalmen, Bettagen wir,
