2479 3508
783 407 2216 613 Im von Christo geben, vber die schaff midt
802 547 2222 706 abbrochen, wenn machte die Denst¬
804 642 2262 804 barkeit. Das einer Dorinne int ein weier
1410 734 1601 793 mochten
816 738 2301 876 regenen oder houpt genempt mochte werden
855 850 980 912 Den
312 831 810 995 wie gescheche, dann
836 829 2275 997 so wurde der Spruch zijn Rhomern over cap:
785 922 2224 1103 Da pareus spricht Das jesus Christus
331 933 466 1145 9
808 1037 2246 1196 ist gesin, ein dienen der bescheidung vmb
814 1107 2275 1276 Der Warheit willen gottes, zu bestangung der
2148 1217 2254 1334 Die
825 1240 2167 1395 verheissingen, der vatter Ich in meuwel.
829 1327 2279 1461 glosen vnnd vslegingen int an vnd damit
808 1416 2275 1563 beschlossen haben, Das dhein schrifft harfur
808 1508 2282 1694 bracht, Damit das ampt des Capts¬
799 1622 2256 1739 timbs abgestellt. Acht aber das ander
789 1713 1891 1883 vyter darzu reden/ werden. /
1230 1879 1556 2025 Bucx
780 2002 2256 2218 Der Buchtvatterbringt wider herfur Den
814 2173 2227 2320 spruch werden minne schaffly Ders ist ver
810 2245 2265 2430 pung verantwurt. Das er ein dienstbar¬
799 2366 2263 2508 keit pero zu gibt vnnd kein herschung wie
795 2466 2243 2627 durch die anndern, von Im anzogen, Das
810 2542 2265 2682 er aber Dabij Den Spruch Jun Rhömern
804 2661 1115 2773 op v o cap:
1259 2648 2210 2808 Da Christus ein diener
793 2733 2311 2913 Der besteindung genempt wirt anzucht der
