2479 3508
879 106 1032 194 1. 15
1247 98 1550 219 in a5
800 161 2341 409 Ich vnderwurff mine vnnd sine vßlegung dem
794 326 1403 512 Christenlichen leser
1228 426 1614 599 Lovingli
783 555 2318 718 Allss. muer herren Agandat luyt Das nie¬
796 639 2302 812 mands die warheit soll lassen vnderligen, will
791 741 2299 892 sich vss. krafft derselben ^ punckten onch zu der
787 831 2295 1005 sach ereden, wider den mißverstand vnser
777 917 2233 1098 widersicher, vnd sey alsre erstlich, So ver
787 1019 2293 1190 sy mit dem ext des krancken Crijbs, Luce
777 1121 2197 1299 am viii cap: vnnd mit dem ont Der
775 1222 2276 1372 sommis des heblichen geists Da furin zungen
775 1316 2243 1502 gewesen sind / In der geschickten der ap: am
781 1412 2266 1583 xx cap: int vermeinen Cric Ir sinechdochen
768 1537 2264 1723 bewert haben. Den will ich wyter zu Irem
1186 1618 1278 1758 een
769 1618 1138 1752 fuxtrag
1249 1652 2076 1873 Pfarrer van Santg:
783 1794 2314 2019 Vff den furtrag mus lieben hern bruders
777 1953 2224 2114 hab ich hutt mermalls geantwort vnnd ist
768 2051 2245 2214 Darmus In die fader verfasset Darby
756 2155 2247 2322 lass ichs belieben, Den spruch von dem
775 2258 2258 2420 glomben des freuwlins Luce viij cap:
775 2356 2276 2527 Verstan ich ein ergebung vnsers hertzens mit
762 2452 2270 2631 hertzlichem vertruwen In Christum vnnd
771 2554 1433 2730 aller smer worten
1274 2656 1646 2817 vingli
835 2773 2287 2997 So veru er Das vertruwen, aller worten
