2479 3508
192 1072 408 1270 XIV
2020 161 2139 316 71
1058 175 1666 373 Die erst schlusred
756 371 2137 575 C Prouinciat beklagt sich, er habe mit platz vff
587 493 2049 646 vnnser reden zu antworten, Die vnchristenlich
618 608 2104 762 unne wider die warhen sig, nu haben wir
603 683 2153 807 nichts mit Im Zewinn. Dann so verr er wi¬
587 760 2151 922 der Die zwo erst sibclus reden, an Denen der gantz
601 838 2122 1058 Christenlich hanndell istat, In vnser klechen ge
614 954 2177 1129 schriben, vnnd gehandlet hatt, dero halb hatten
597 1048 2137 1209 wie vnnser gnedige hern van Berim gepären Inn
595 1164 2116 1303 zubesthriken, von dem haben wir allein mit Im¬
587 1213 2122 1405 Zehandlen begert, So aber er die gemeinen Inred
583 1315 2175 1474 wider Die gemein Christenlch ler, nach siner
595 1417 2157 1578 allten gevonchen, an gschrifft ingefuret, hat Ist
601 1525 2118 1719 von noten gewasen, dieselbigen zuverantwurten
612 1592 2249 1774 Unnd Das haben wir mit gsthrifft vnd dienst¬
601 1711 2192 1851 lich den zwo ersten Schluß reden, gethan Vn¬
585 1819 2151 1982 hatt er fryen platz mit schrifft wider die zwo
603 1910 2165 2071 ersten schlußreden zehandlen, Mag er das nit
610 2010 2114 2167 so lijt suis gantzes furnemen was ers thun, so
595 2094 2080 2245 thu es So wijrd er wie an der houpt sach
589 2190 2128 2355 also an allem, Das ich wider In geredt, hab ge¬
616 2296 2102 2461 shen. So er Das nit thun will, wie ers
597 2396 2177 2548 Louch nit vermag, sicht gederman hall vnd klar¬
563 2461 2198 2665 Das sin gloub leer vnd alles sin thun an gschrifft
608 2579 2218 2699 ist. Da dan aber die ystchrifft alles yurs In¬
583 2671 2186 2848 halber, erkent mengklick, was sin thun vnnd
573 2769 2165 2944 leer sige. Die er mit gotlicher postchrifft int
