<?xml version="1.0" encoding="UTF-8" standalone="yes"?>
<PcGts xmlns="http://schema.primaresearch.org/PAGE/gts/pagecontent/2013-07-15">
    <Metadata>
        <Creator>prov=READ-COOP:name=TrHtr:version=2.41.0:model_id=51170:date=09_03_2026_17:24</Creator>
        <Created>2026-01-27T10:34:50.803+01:00</Created>
        <LastChange>2026-03-09T17:24:44.523+01:00</LastChange>
        <TranskribusMetadata docId="13922579" pageId="112790571" pageNr="636" status="IN_PROGRESS" userId="537" imgUrl="https://files.transkribus.eu/Get?fileType=view&amp;id=SPYQHVRHLDKENYNMCJWQEIRL" imageId="95349634"/>
    </Metadata>
    <Page imageFilename="112790571.jpg" imageWidth="2479" imageHeight="3508">
        <TextRegion orientation="0.0" id="tr_1">
            <Coords points="313,1518 313,1892 474,1892 474,1518"/>
            <TextLine id="tr_1_tl_1" custom="readingOrder {index:1;}">
                <Coords points="297,1668 322,1666 360,1637 387,1649 410,1631 439,1629 458,1637 483,1489 424,1481 337,1545 318,1541"/>
                <Baseline points="313,1645 338,1640 363,1633 389,1629 414,1627 439,1623 465,1618"/>
                <TextEquiv>
                    <Unicode>dd</Unicode>
                </TextEquiv>
            </TextLine>
            <TextLine id="tr_1_tl_2" custom="readingOrder {index:2;}">
                <Coords points="379,1878 393,1876 408,1891 428,1882 445,1899 470,1897 466,1762 456,1764 441,1778 431,1774 420,1783 399,1783 391,1778 387,1785 376,1787"/>
                <Baseline points="388,1839 416,1839 445,1840 474,1842"/>
                <TextEquiv>
                    <Unicode>.</Unicode>
                </TextEquiv>
            </TextLine>
        </TextRegion>
        <TextRegion orientation="0.0" id="tr_2">
            <Coords points="522,177 522,3448 2194,3448 2194,177"/>
            <TextLine id="tr_2_tl_1" custom="readingOrder {index:1;}">
                <Coords points="2036,248 2047,248 2055,256 2107,254 2122,268 2134,268 2161,245 2172,245 2169,175 2153,175 2147,168 2136,173 2124,160 2095,187 2068,191 2034,187"/>
                <Baseline points="2048,220 2073,220 2099,220 2124,222 2150,223 2176,223"/>
                <TextEquiv>
                    <Unicode>269</Unicode>
                </TextEquiv>
            </TextLine>
            <TextLine id="tr_2_tl_2" custom="readingOrder {index:2;}">
                <Coords points="1007,306 1236,314 1308,372 1356,327 1466,347 1502,327 1541,364 1610,331 1737,339 1733,183 1635,233 1304,235 1215,268 1094,173 1005,177"/>
                <Baseline points="1018,295 1054,300 1090,305 1126,307 1162,308 1198,310 1234,313 1270,315 1306,316 1342,316 1379,316 1415,316 1451,316 1487,317 1523,318 1559,316 1595,313 1631,313 1667,312 1703,311 1740,313"/>
                <TextEquiv>
                    <Unicode>Die vi. Obluss. vad</Unicode>
                </TextEquiv>
            </TextLine>
            <TextLine id="tr_2_tl_3" custom="readingOrder {index:3;}">
                <Coords points="549,420 1951,476 2003,410 1766,349 1529,383 1369,335 1296,399 1198,331 888,389 703,352 547,383"/>
                <Baseline points="561,414 633,414 705,417 778,417 850,420 923,420 995,422 1067,423 1140,426 1212,428 1285,429 1357,429 1429,433 1502,435 1574,438 1647,438 1719,435 1791,436 1864,435 1936,436 2009,441"/>
                <TextEquiv>
                    <Unicode>mittler verheist, vnd aber der seeligen dehenienn</Unicode>
                </TextEquiv>
            </TextLine>
            <TextLine id="tr_2_tl_4" custom="readingOrder {index:4;}">
                <Coords points="560,532 2182,545 2180,426 2128,422 1932,485 1851,441 1575,483 560,433"/>
                <Baseline points="570,507 650,506 731,507 812,507 893,507 973,510 1054,510 1135,512 1216,516 1296,516 1377,516 1458,519 1539,522 1619,522 1700,519 1781,522 1862,519 1942,519 2023,523 2104,526 2185,531"/>
                <TextEquiv>
                    <Unicode>Sagh buch Aprilipsis, Sij-Johannis fuangeliste,</Unicode>
                </TextEquiv>
            </TextLine>
            <TextLine id="tr_2_tl_5" custom="readingOrder {index:5;}">
                <Coords points="547,624 1437,614 1903,674 2011,612 2184,636 2186,545 545,553"/>
                <Baseline points="558,597 639,602 721,603 803,603 885,603 967,603 1048,603 1130,603 1212,603 1294,606 1376,606 1457,606 1539,609 1621,610 1703,609 1785,606 1866,603 1948,603 2030,609 2112,612 2194,615"/>
                <TextEquiv>
                    <Unicode>wirdt mitt de hemer schrift noch historij, bijbracht,</Unicode>
                </TextEquiv>
            </TextLine>
            <TextLine id="tr_2_tl_6" custom="readingOrder {index:6;}">
                <Coords points="1032,853 1100,820 1202,820 1250,770 1340,788 1358,768 1389,797 1500,813 1610,780 1608,709 1489,693 1448,738 1362,734 1242,636 1098,630 1028,682"/>
                <Baseline points="1041,761 1069,759 1098,757 1127,755 1155,758 1184,761 1213,761 1241,762 1270,764 1299,764 1328,765 1356,767 1385,769 1414,770 1442,770 1471,770 1500,771 1528,773 1557,773 1586,772 1615,770"/>
                <TextEquiv>
                    <Unicode>ende gidius murer</Unicode>
                </TextEquiv>
            </TextLine>
            <TextLine id="tr_2_tl_7" custom="readingOrder {index:7;}">
                <Coords points="1256,842 1267,840 1333,888 1385,886 1373,780 1344,784 1340,790 1317,786 1300,774 1269,780 1260,774 1248,776"/>
                <Baseline points="1265,829 1294,831 1323,835 1352,840 1382,841"/>
                <TextEquiv>
                    <Unicode>¬</Unicode>
                </TextEquiv>
            </TextLine>
            <TextLine id="tr_2_tl_8" custom="readingOrder {index:8;}">
                <Coords points="528,1000 971,967 1529,1017 2030,980 2030,899 1939,872 1764,921 1537,863 1206,924 847,863 759,940 653,911 528,948"/>
                <Baseline points="540,970 614,970 689,970 764,970 839,967 914,967 988,967 1063,968 1138,970 1213,970 1288,967 1362,970 1437,971 1512,972 1587,973 1662,973 1736,972 1811,970 1886,968 1961,967 2036,967"/>
                <TextEquiv>
                    <Unicode>Das meister Vlrich zulest gesprochen hat, das</Unicode>
                </TextEquiv>
            </TextLine>
            <TextLine id="tr_2_tl_9" custom="readingOrder {index:9;}">
                <Coords points="541,1075 2161,1061 2161,1005 1999,1028 1887,967 1396,1028 1177,1025 1084,973 886,1017 541,990"/>
                <Baseline points="552,1059 632,1060 713,1057 793,1055 874,1053 955,1053 1035,1053 1116,1053 1196,1053 1277,1050 1358,1050 1438,1050 1519,1049 1599,1047 1680,1049 1761,1047 1841,1050 1922,1050 2002,1050 2083,1049 2164,1050"/>
                <TextEquiv>
                    <Unicode>Buch Opocalipsis, moge nitt bewart werden mitt</Unicode>
                </TextEquiv>
            </TextLine>
            <TextLine id="tr_2_tl_10" custom="readingOrder {index:10;}">
                <Coords points="545,1175 2101,1154 2101,1084 1941,1061 547,1086"/>
                <Baseline points="558,1149 635,1152 712,1146 790,1144 867,1140 945,1140 1022,1137 1100,1137 1177,1137 1255,1137 1332,1134 1409,1133 1487,1128 1564,1128 1642,1130 1719,1131 1797,1128 1874,1128 1952,1128 2029,1125 2107,1128"/>
                <TextEquiv>
                    <Unicode>biblisther Schrift, wirdt stm. nitt helffen, Oann</Unicode>
                </TextEquiv>
            </TextLine>
            <TextLine id="tr_2_tl_11" custom="readingOrder {index:11;}">
                <Coords points="535,1290 824,1233 1277,1269 1475,1219 1548,1267 1749,1213 2086,1219 2088,1161 537,1173"/>
                <Baseline points="549,1233 626,1233 703,1233 780,1231 857,1227 934,1227 1011,1224 1089,1227 1166,1225 1243,1224 1320,1221 1397,1221 1474,1220 1551,1215 1629,1215 1706,1212 1783,1209 1860,1209 1937,1208 2014,1209 2092,1206"/>
                <TextEquiv>
                    <Unicode>glicher wiss, welt Ich zu Im. Opreichen, vnd Junij</Unicode>
                </TextEquiv>
            </TextLine>
            <TextLine id="tr_2_tl_12" custom="readingOrder {index:12;}">
                <Coords points="545,1358 1088,1310 1358,1315 1456,1371 1575,1308 1968,1325 2076,1292 2078,1250 1778,1217 1539,1269 1462,1219 1260,1273 1021,1233 547,1290"/>
                <Baseline points="558,1322 634,1322 710,1320 786,1319 862,1317 938,1313 1014,1310 1090,1310 1166,1310 1242,1309 1319,1307 1395,1305 1471,1303 1547,1304 1623,1301 1699,1298 1775,1297 1851,1289 1927,1289 2003,1286 2080,1289"/>
                <TextEquiv>
                    <Unicode>fragen, wo Er mitt biblisther Christ bybrin¬</Unicode>
                </TextEquiv>
            </TextLine>
            <TextLine id="tr_2_tl_13" custom="readingOrder {index:13;}">
                <Coords points="549,1464 693,1412 867,1406 955,1462 1069,1412 1408,1448 1460,1400 2040,1402 2124,1392 2126,1329 1837,1300 1780,1350 1566,1325 1454,1369 986,1310 551,1389"/>
                <Baseline points="561,1415 639,1415 717,1411 796,1409 874,1406 952,1404 1031,1402 1109,1403 1187,1400 1266,1398 1344,1393 1422,1390 1501,1388 1579,1386 1657,1385 1736,1383 1814,1382 1892,1380 1971,1375 2049,1375 2128,1376"/>
                <TextEquiv>
                    <Unicode>gen welt daß Rumgelium Johannis, ware fo:</Unicode>
                </TextEquiv>
            </TextLine>
            <TextLine id="tr_2_tl_14" custom="readingOrder {index:14;}">
                <Coords points="553,1504 928,1535 1306,1485 1554,1510 1620,1466 2117,1475 2120,1394 1672,1441 1520,1398 1400,1450 1263,1404 955,1462 865,1406 555,1466"/>
                <Baseline points="564,1498 641,1495 719,1495 797,1493 875,1492 953,1495 1031,1490 1109,1488 1187,1486 1265,1483 1343,1475 1420,1471 1498,1468 1576,1468 1654,1465 1732,1465 1810,1465 1888,1463 1966,1465 2044,1462 2122,1462"/>
                <TextEquiv>
                    <Unicode>hannus, desglicken andren buchern ouch, Das ƒ</Unicode>
                </TextEquiv>
            </TextLine>
            <TextLine id="tr_2_tl_15" custom="readingOrder {index:15;}">
                <Coords points="543,1587 840,1656 982,1585 1294,1610 1352,1564 1423,1614 1548,1554 1832,1543 2032,1610 2176,1566 2169,1496 1697,1512 1624,1464 1537,1518 1425,1475 1283,1523 859,1535 822,1496 545,1537"/>
                <Baseline points="555,1582 636,1583 717,1581 798,1579 879,1579 961,1579 1042,1574 1123,1570 1204,1567 1285,1567 1367,1559 1448,1555 1529,1552 1610,1549 1691,1546 1773,1543 1854,1540 1935,1540 2016,1541 2097,1543 2179,1543"/>
                <TextEquiv>
                    <Unicode>aber gesprochen hat, Ob glich die vserwelten heiligen</Unicode>
                </TextEquiv>
            </TextLine>
            <TextLine id="tr_2_tl_16" custom="readingOrder {index:16;}">
                <Coords points="524,1689 703,1731 778,1683 986,1716 1171,1656 1444,1708 1572,1647 2161,1649 2161,1568 2032,1610 1837,1550 1489,1570 1423,1616 1350,1564 1159,1624 982,1595 842,1656 528,1614"/>
                <Baseline points="537,1686 618,1679 700,1674 781,1674 863,1671 944,1666 1026,1663 1107,1659 1189,1656 1270,1650 1352,1648 1433,1642 1515,1639 1596,1638 1678,1633 1759,1630 1841,1627 1922,1625 2004,1624 2085,1626 2167,1624"/>
                <TextEquiv>
                    <Unicode>Im huuel, geider Christi zijen, volgot darum nitt</Unicode>
                </TextEquiv>
            </TextLine>
            <TextLine id="tr_2_tl_17" custom="readingOrder {index:17;}">
                <Coords points="537,1770 609,1808 872,1756 1995,1739 2167,1716 2172,1645 1664,1645 1450,1708 1179,1668 963,1716 880,1674 705,1731 541,1691"/>
                <Baseline points="549,1770 630,1768 711,1763 792,1758 873,1752 955,1752 1036,1747 1117,1743 1198,1739 1279,1734 1361,1728 1442,1728 1523,1724 1604,1718 1685,1716 1767,1716 1848,1713 1929,1708 2010,1705 2091,1703 2173,1707"/>
                <TextEquiv>
                    <Unicode>harnach, das E gott fur vns bitten, wil Ich bewa¬</Unicode>
                </TextEquiv>
            </TextLine>
            <TextLine id="tr_2_tl_18" custom="readingOrder {index:18;}">
                <Coords points="535,1862 1460,1868 2001,1801 2153,1843 2157,1749 1699,1722 1604,1772 1516,1737 990,1789 872,1751 539,1803"/>
                <Baseline points="549,1851 629,1854 710,1849 790,1844 871,1838 952,1833 1032,1831 1113,1830 1193,1827 1274,1826 1355,1821 1435,1818 1516,1816 1596,1814 1677,1811 1758,1809 1838,1806 1919,1800 1999,1797 2080,1794 2161,1791"/>
                <TextEquiv>
                    <Unicode>ven, das Pomlichs wol zu glauben Ist, dann das eij</Unicode>
                </TextEquiv>
            </TextLine>
            <TextLine id="tr_2_tl_19" custom="readingOrder {index:19;}">
                <Coords points="543,1945 2097,1903 2099,1853 1959,1805 1739,1814 1639,1874 1562,1824 1460,1868 1115,1843 969,1895 757,1847 545,1895"/>
                <Baseline points="555,1931 632,1933 709,1931 786,1926 864,1922 941,1919 1018,1916 1096,1916 1173,1913 1250,1910 1328,1912 1405,1906 1482,1903 1559,1898 1637,1896 1714,1894 1791,1889 1869,1887 1946,1884 2023,1887 2101,1892"/>
                <TextEquiv>
                    <Unicode>mentsth. hier vff extrich, fur den anderen bittet,</Unicode>
                </TextEquiv>
            </TextLine>
            <TextLine id="tr_2_tl_20" custom="readingOrder {index:20;}">
                <Coords points="549,2032 651,2070 1017,2005 1468,2024 1878,1976 1980,2013 2047,1999 2049,1924 1964,1887 1704,1943 1602,1901 1510,1945 1154,1930 1086,1966 551,1947"/>
                <Baseline points="561,2018 635,2021 710,2018 784,2016 859,2009 933,2006 1008,2006 1082,2006 1157,2003 1231,2003 1306,1999 1380,1997 1455,1992 1529,1990 1604,1988 1678,1982 1753,1978 1827,1973 1902,1970 1976,1967 2051,1970"/>
                <TextEquiv>
                    <Unicode>besthicht vsz bruderlicher liebe, welche liebe</Unicode>
                </TextEquiv>
            </TextLine>
            <TextLine id="tr_2_tl_21" custom="readingOrder {index:21;}">
                <Coords points="560,2140 830,2107 896,2153 1055,2109 1146,2167 1250,2109 1855,2105 1932,2059 2103,2099 2136,1968 1537,2061 1350,2009 562,2078"/>
                <Baseline points="573,2119 651,2116 729,2110 808,2106 886,2101 964,2099 1043,2095 1121,2095 1199,2095 1278,2093 1356,2091 1434,2089 1513,2086 1591,2082 1669,2079 1748,2073 1826,2068 1904,2061 1983,2056 2061,2050 2140,2048"/>
                <TextEquiv>
                    <Unicode>van den heiligen Im. himel, nietner meer wirdt</Unicode>
                </TextEquiv>
            </TextLine>
            <TextLine id="tr_2_tl_22" custom="readingOrder {index:22;}">
                <Coords points="551,2265 780,2209 930,2261 1080,2192 1275,2196 1337,2246 1441,2192 1548,2265 1629,2263 1633,2132 1429,2140 1350,2101 1138,2167 1050,2111 892,2174 649,2186 557,2140"/>
                <Baseline points="564,2212 617,2214 671,2209 724,2207 778,2203 832,2203 885,2200 939,2199 992,2197 1046,2194 1100,2191 1153,2190 1207,2188 1260,2188 1314,2186 1368,2182 1421,2182 1475,2179 1528,2176 1582,2171 1636,2173"/>
                <TextEquiv>
                    <Unicode>genomen. j.a ad Cornithios xiii</Unicode>
                </TextEquiv>
            </TextLine>
            <TextLine id="tr_2_tl_23" custom="readingOrder {index:23;}">
                <Coords points="955,2392 1319,2340 1356,2369 1458,2357 1548,2417 1622,2346 1756,2380 1805,2350 1808,2273 1437,2290 1402,2255 1096,2276 1073,2253 994,2303 955,2288"/>
                <Baseline points="967,2358 1009,2351 1051,2346 1093,2346 1135,2343 1177,2343 1219,2343 1261,2341 1303,2340 1345,2340 1388,2340 1430,2340 1472,2340 1514,2340 1556,2339 1598,2336 1640,2334 1682,2334 1724,2334 1766,2337 1809,2340"/>
                <TextEquiv>
                    <Unicode>Meister Vlrich zwingli</Unicode>
                </TextEquiv>
            </TextLine>
            <TextLine id="tr_2_tl_24" custom="readingOrder {index:24;}">
                <Coords points="568,2637 896,2579 1198,2625 1431,2577 1531,2623 1616,2575 1710,2621 1772,2575 1939,2606 2022,2546 2151,2575 2153,2473 1918,2442 1718,2496 1597,2456 1290,2538 1071,2467 813,2552 572,2392"/>
                <Baseline points="579,2591 662,2586 745,2584 828,2581 911,2579 994,2579 1077,2582 1160,2585 1243,2584 1326,2581 1410,2578 1493,2573 1576,2573 1659,2570 1742,2570 1825,2568 1908,2564 1991,2559 2074,2552 2158,2552"/>
                <TextEquiv>
                    <Unicode>Der Nam vnd vbersthrift Apotalipsis, zoigt uns</Unicode>
                </TextEquiv>
            </TextLine>
            <TextLine id="tr_2_tl_25" custom="readingOrder {index:25;}">
                <Coords points="508,2744 622,2683 703,2716 880,2673 2178,2689 2180,2592 2080,2554 1876,2619 1616,2575 1479,2633 907,2588 512,2629"/>
                <Baseline points="522,2683 605,2682 688,2678 771,2675 854,2672 937,2672 1020,2672 1104,2669 1187,2672 1270,2672 1353,2668 1436,2663 1519,2660 1602,2660 1686,2657 1769,2655 1852,2654 1935,2651 2018,2647 2101,2645 2185,2645"/>
                <TextEquiv>
                    <Unicode>yning an, das Es nitt Johannis des Tumgelisten</Unicode>
                </TextEquiv>
            </TextLine>
            <TextLine id="tr_2_tl_26" custom="readingOrder {index:26;}">
                <Coords points="537,2781 944,2758 1067,2796 1179,2754 1308,2800 1381,2756 1483,2789 1799,2748 1897,2785 2090,2737 2090,2677 1706,2712 1604,2658 1352,2714 909,2675 674,2721 624,2681 539,2731"/>
                <Baseline points="549,2779 626,2772 703,2765 780,2761 858,2760 935,2755 1012,2755 1090,2752 1167,2755 1244,2755 1322,2755 1399,2752 1476,2752 1553,2752 1631,2750 1708,2746 1785,2743 1863,2741 1940,2738 2017,2736 2095,2734"/>
                <TextEquiv>
                    <Unicode>Ist, der also lutet, Apotalipsis des heiligen Jo¬</Unicode>
                </TextEquiv>
            </TextLine>
            <TextLine id="tr_2_tl_27" custom="readingOrder {index:27;}">
                <Coords points="543,2864 1429,2889 1662,2839 1801,2900 1862,2841 2142,2839 2144,2771 545,2785"/>
                <Baseline points="555,2866 634,2859 714,2851 794,2848 873,2848 953,2845 1033,2845 1112,2842 1192,2842 1272,2842 1352,2839 1431,2839 1511,2836 1591,2834 1670,2833 1750,2830 1830,2827 1909,2827 1989,2824 2069,2820 2149,2818"/>
                <TextEquiv>
                    <Unicode>hamus theologi, Ich geschwig der levern, Aber</Unicode>
                </TextEquiv>
            </TextLine>
            <TextLine id="tr_2_tl_28" custom="readingOrder {index:28;}">
                <Coords points="684,3434 709,3438 726,3428 747,3438 761,3426 797,3434 811,3428 876,3434 876,3351 842,3361 830,3353 811,3355 797,3338 778,3355 736,3355 724,3363 684,3357"/>
                <Baseline points="695,3427 721,3427 747,3427 774,3427 800,3426 827,3424 853,3426 880,3427"/>
                <TextEquiv>
                    <Unicode>-</Unicode>
                </TextEquiv>
            </TextLine>
        </TextRegion>
    </Page>
</PcGts>
