2479 3508
29 806 131 935 fürlich
18 917 140 1003 Ihr in oder
23 1021 151 1107 Bürtlichen
18 1118 147 1206 votre voire
32 1190 133 1312 ein tres
29 1425 131 1516 the smeils
29 2320 140 2473 bruff
271 2819 364 2968 H
2006 174 2135 244 171
958 138 1561 298 Die vierd sthlußred
549 257 2198 468 wir brechen, vnd wert Im geven so met sin, sin vn
576 398 2220 544 leging hie bijzeeringen wie vorhin vnd wirt hie von
571 488 2132 623 vns aber eins artlijcher geredt, wie es gepurt von
596 565 2155 730 Sacramenten Zereden Des wir vß den nach
562 646 2177 797 komenden worten, ouch woll versten mogen, so da
585 752 2232 890 volgt. Denn wir vill sind ein bret vnd ein leb
569 831 2234 983 Diewel wir all eius brots theilchafftig sind, Item
569 928 2141 1086 wir verleugnen, nit, In kemen, weg, Das over
569 1019 2150 1197 essend den lijb Christi vnd trinckenen sin blutt
601 1107 2286 1299 ber. Das thund wir geistlicen, durch den glauben
601 1211 2252 1382 so wir gleuben Das wir durch das liden Christi
569 1287 2263 1468 tot dem sincesthen vatter versunt sind, nit dadurch
569 1394 2256 1531 das wir glonben, Das vnder dem bret wesenlich sich
1927 1479 2211 1588 Das aber
553 1493 1656 1649 Der lijb Christi oder leblick ende
583 1518 2214 1737 her Venedicht wider Infurt, Den spruck Johannes
590 1647 2236 1802 am xx cap: Das der her hatt angeblasen vnnd ge¬
608 1760 2218 1911 sprochen, zu Inen riemend hin den heilligen geist
621 1866 2286 2019 Vanden wir aber eius mitt Das der Vsserlich atangt
605 1954 2236 2130 sich westenlich der heillen geist. So hatt es ouch nit
601 2019 2193 2180 die meynung, das in dem arm wesenlich vnd
585 2114 2223 2317 liblich zugefurt werd, der heillig geist den apostlen¬
576 2234 2114 2415 Dann so der geist gotes ann allen orten ist so
558 2338 2189 2521 Darff sollicher heilliger geist keins Infurens, Es
565 2437 2202 2600 hatt aber der her Christus mit dem vsser¬
569 2543 2116 2701 lichen Zeichen zeversten geben wie er Inen vsss.
585 2640 2211 2814 siner g'ottlicher Krafft den peist geb, In Ire bhertzen
565 2726 2180 2902 Herrumb Die glijcknus dienen, ich In dhein
384 2812 2200 3000 Christi 4 der sige dermassen angeblasen den apostlen das
585 2932 926 3058 Der atam
