2479 3508
276 575 626 741 # gestorben
196 1750 551 1900 vertuijsshett
1317 132 1394 249 .
721 320 2204 553 Das ist min meijning der anzugen halb
721 482 2216 636 die wijll vover staenßreden vrugt pff Das
711 581 2240 745 wort gottes vnnd Ingesprochenn, vnd aber min
715 677 2265 847 g. herren Ir Disputation, halb verschlossen hand
705 798 804 857 mit
715 786 2250 948 van hie Inzufuren In deser disputation, Dan
723 901 2208 1061 so Inn Biblischen verstorfft begriffen ist, meint
709 991 2250 1146 tich man mochte ouch probieren, vnnd bezugen
703 1090 2289 1258 stepas vsz. den brincken. In der belgen Christen¬
709 1177 2252 1369 lichen kiechen vnd wungen, So uit gestorben
735 1276 1525 1460 vnd an vns komen sind
1199 1394 1614 1574 Zovingei
709 1487 2269 1714 Dijss overt, In der ij Epist: zum thunothee iii cap.
703 1645 2252 1813 Ein gegkliche gschrifft wie es dan meister Ni¬
723 1750 2244 1888 claus gemeldet hatt, Ist int recht vertgunst het
705 1845 2257 2003 Er thats aelss verchusthet, ein jegkliche verstehrifft
733 1943 2252 2078 ist nutzbar zu leren, welches aber der sinne
729 2024 2232 2192 paulij gentzlich mit ist. Dan mit dem verstand
729 2137 2165 2297 möcht man Infuren, Das ein Jede gsthrifft
739 2252 2244 2376 mitsbar were zuleren, welchs doch keinen weg
705 2332 2250 2471 mag erlitten werden, Sonders der Sinne
1065 2433 1161 2522 der
735 2431 2253 2591 parck ist der ein jede gschrifft. Des von
727 2542 2228 2704 pott Ingeblassen ist, Allso vermax ouch
721 2599 2291 2795 der text, die ist onch nutzbar zu leer, & ge¬
727 2735 2265 2901 by fromen Christen, mercke vorer lieb das
693 2830 2261 2996 der verstand unser bruder der predicanten
