2479 3508
19 897 112 1024 19 b
15 1007 112 1131 ligkeiten
17 1114 116 1217 M4
26 1329 122 1438 derkant
30 1530 127 1678 Christus
21 1668 120 1775 lich be
26 1781 131 1867 maje
41 1861 124 2011 7th
30 1992 127 2118 5 februari
28 2288 137 2421 Cwelland
28 2833 142 2996 & per
243 1975 414 2191 4
1940 152 2116 221 220
949 124 1580 290 Die 4. Slussroe
549 236 2243 444 Eer bleib Je liblich vnd sichbarlich bij Inen sitzen
545 380 2206 554 so hatt er nitt zeven leb gehept, das der ein
541 476 2256 646 Im brott were ijsin vnd der annder het das
558 579 2245 753 brott dargerenchet, so hats die warheit des
543 683 2239 859 monstlichen lijbs, uit mogen exleden, das er zu
549 773 2247 949 mall ein monstgenher lijb vnd ouch brot gewesen
545 893 2153 1062 ware, zu dem so zest diser gegenwurff an
1790 987 2052 1084 "st was
549 974 2264 1163 allß ob vnser bruder hielbrent das wir anders essen
552 1103 2185 1268 Im nachmall Dan die Junger geessen habenn,
605 1193 2181 1404 Das wijter fur geworffen ist Christus sie
558 1333 2213 1498 eins mit dem vatter Darmus mogen er woll
573 1438 2281 1575 sin lijb„ drafft der worten des nachtmalls
558 1550 2264 1717 was bblichen v/ theillen Im brott dijz schlussv
558 1646 2284 1811 mitt Dan wie woll der gethen nach Chri¬
569 1747 2271 1908 Aus mitt dem vatter ems ist, so blixt doch
586 1861 2243 2039 sin mousthet ein ware moustheijt mit der
564 1983 1406 2159 getheijt vuurmisteert
1444 1996 2144 2159 vnd sin leb ein
558 2090 2221 2256 warer monstgeicher lijb. Dornuw so wirt
560 2187 2200 2346 Er nach art des moustglichen lijbs mir an
556 2290 2230 2462 ein ort sin mogen, Sin lijb ist woll (alles sy
586 2391 2241 2576 sagen, Caro Verbi, ein fleisch van wort ange¬
567 2505 2249 2683 momen. Wer noch dennocht ein war fleijth
597 2610 2249 2773 vnd doruff bestat: vnsere hoffnung Das sich
586 2711 2151 2915 vnser fleissen, in der vnsterblicheit vnnd
595 2829 2247 3026 saligkeit, Ine sinem flaesten gluch werd, die¬
