2479 3508
303 948 636 1167 8 Ao
1057 118 1851 289 Die fünfte Schlussredi
663 227 2332 436 theum. iii. Van mocht ouch zu guter mass wel sach:
666 375 2249 522 en, welcke vff hutt den tag, die andren begaren zij
680 459 2239 602 vertriben, und zu toden, unser fuangelium lext
651 543 2315 685 gedult, darumb Inen das nitt dienst, wiewol Johan:
2083 640 2243 693 „ frü „
653 628 2346 777 nes In vier offenbarung, In denen orten, wie „ anderen
653 708 2277 851 mer, ende offen barning zucht, vff die vorgangnen
659 792 2332 901 historijen, wo hat aber der thulmeister gelasen, In
651 885 2304 1026 der offenbarung Johannis, das das Naeskopfer vfhore.
678 971 2218 1110 ren hoffe, das welten wir gern von Im horen, wie
672 1043 2319 1177 förchten vns vor den Propheten noch mitt, Mitt Ooli¬
668 1127 2239 1283 chen kundtschaften, bewart Er niet wenigers, dann
663 1220 1542 1369 das die Masß emopfer zije,
1129 1329 1761 1504 Johannes bijchstab,
750 1487 2266 1681 frouwt mith gegen minem hern Ooctoen, das fe
657 1607 2252 1761 immer Jugene verschonen wil, sagt In des hochen
649 1685 2266 1824 danck, Der vinnigen leren halb, ttlich hundert far
657 1782 2258 1925 er wachsen, min Ich mich uijt an, gat ouch dehemer
661 1856 2289 2011 von mir nie gehort, dass Ich dehenierley missbruchen
680 1942 2260 2110 Je gelobt hab, Ich hab ouch nitt gesagt, das Johannes
670 1984 2315 2205 In Aprilipsi, von dem Opfer der Nass. geschriben hab¬
651 2132 2184 2279 Ich heb aber allein die zwifaltig Inziechung der
666 2199 2344 2367 vierdhalb Jaren halb, In gefurt, damitt kundtbar wur¬
663 2300 2268 2464 de, Johannern In Aprilipsi, zum teil dem Daniele
657 2386 2271 2551 Oich verglichen, der zitthalb der vierdhaft Jarenn,
666 2471 2319 2639 Ich hab ouch noch nitt gnugsam verstanden, das min
657 2572 2233 2696 her Doctor hat geredt, das man wol sicht, welche
678 2662 2311 2803 vff hutt, begaren die andren zu vertriben, vnd zu to¬
663 2732 2292 2921 den, des willens Ich gancij vnd gar nitt brij, Die
