2479 3508
756 234 2275 419 deist Christi int besonder ro. hallten, an es mitt
758 389 1406 552 zu der sach dient¬
1269 393 2035 621 Pfarrer van Santg:
846 540 2317 711 off hutt vergangen, viefallchen furtregenn, muur
705 582 2323 788 lieben hern vnd mitbrudern, beuelchen wir sollichs
1163 742 2279 850 Ist hieruff vnser begern, int zedi¬
754 754 1140 881 den actis
762 828 2313 989 sondern ob das brot, oder Im brot oder derglichen
756 917 2319 1068 hanck reden wie die vermuifft sollichs harfur
754 995 2253 1153 brinsen mocht, der leb Christi sie, Allein
735 1080 2277 1237 Ovellen over, vns werde den lijb Christi Clut
750 1187 2311 1334 der worten) nemend vnnd essend das ist min
766 1296 2267 1394 lijb) mit getheillt, Hieruff erwarten wir
820 1362 2223 1523 lut, der schlussreden) Das sy vns mitt
754 1465 2283 1636 verstchrifft bebringent die wort des nachtmals
754 1552 2261 1711 Eem andern, verstand zehoben, Es haben sich
748 1662 2249 1830 biß har die Gen, fenciarij viel bekumbent
754 1747 2239 1894 von der gepurt vnnd empfengknus Christi
806 1842 2237 2019 Wie er vorn heilligen gerst empfangen Im
737 1955 2233 2086 lyb der Jungfrouw Marie wie er geporen
756 2055 2259 2200 Dengeoffneren schlossen, vnd wie ein Muter
1602 2108 2291 2307 damit alle Inresserende
750 2156 1404 2307 om Jungfrouw sig
762 2227 2313 2410 spijtzfindigkeit vermitten, beliben sind wir vff die
731 2317 2321 2513 fir getragnen Spruch nochmals int anders bericht
760 2434 2313 2609 Dan die ein vallingen wert een valrigklich Ze verstandt
1300 2545 1866 2712 "colampadius"
830 2585 2313 2815 Die besthlusred ist durch min hern die responden
701 2759 2295 2877 fursich seles ervas erlutert worden, das mag man
742 2817 2295 3006 woll infechten vnd ist int wie villicht vsz. hem
