2479 3508
31 516 140 609 Wien
33 580 126 671 doch
19 644 154 776 det très
19 755 146 837 worten
23 846 163 944 m. m. l
19 918 146 1006 bien de
33 990 150 1084 1810
25 1074 158 1183 4.16.
23 1162 156 1263 guts zijnde
23 1247 160 1372 Das Fils
39 1358 152 1461 geden
21 1430 152 1547 uijt voor
43 1527 152 1613 vnd in
19 1617 105 1730 seren
29 1714 142 1802 macht
29 1774 142 1876 well
25 1872 128 1971 votre
29 1940 156 2074 werden
33 2045 160 2189 Threberin
25 2302 126 2385 vliij
33 2393 171 2496 und mij
70 2467 179 2568 miner
218 2265 358 2428 78
226 2413 309 2529 100
1975 171 2144 313 143
899 158 1590 348 Die dritt Schluskedt
574 288 2140 488 botten gehorsam zusind, bijs zu würcken, Ist hübst:
572 418 2142 556 lich vormals abgeredt, verdienst othlachen wir al
597 498 2142 638 Wer nitt gute werck, was vss. dem buchstaben
580 586 2199 720 oder geist bije geredt, leet Paulus fij angezognem
566 665 2123 780 Opruch von minem hern Pfarrer, Schlacht da¬
572 735 2125 885 mitt ab, vns das vermogen, vnd wie billich gibts
566 827 2113 957 Christo unserm heiland zu, Vnd wie Petrus In
560 897 2086 1039 der Resten vom gloubden, darnach In der andern
560 969 2144 1121 Spistel, von wercken vss. dan glauben oagt, sind
560 1090 2156 1208 gute werck huysthlich amoigt, verdienstlich aber
568 1150 2130 1282 gin Ist nitt bewart, vnd nitt geschriben, das
556 1232 2016 1381 Er den Psalmen anzogen het, sagt die gantje
560 1309 2195 1453 Ochrift, Liebe, forcht, und derglichen, als stalt
564 1405 2117 1533 frs In unser kreften, So Es nitt In vns ware,
541 1483 2099 1601 wie verandtwurt ist, wurken, Onder der In
560 1570 2191 1728 vns labt Christus fesus, die werck die geschachen
556 1662 2103 1790 den glauben zubewisen vnsern mittgloubigen,
868 1788 1597 1946 Theobaldus gutter,
523 1965 2177 2119 Als da herr Poley gesprochen het, muis bekennens:
553 2078 2130 2193 halb, Christus hab für all s und gelitten,
570 2177 2080 2294 zougt, Als ob Ich neis was dawider gepredigt
553 2253 2111 2391 hätte, zoigt Er an, das Ich fodem herren Jesu, Das
549 2333 2101 2477 Je entzogen hab, noch gepredigt, das der herr vns
560 2393 2123 2543 nitt erlost hab voor allen gunden, das Ich das vs:
543 2522 2117 2646 gesthlossen, Vnd ob feuer Othon redte, wie Ich
543 2590 2136 2741 voor ouch anzogen hab, Christus habe allein die Erb:
551 2673 2107 2821 sijnd huweg genomen, vnd gunst niemand an¬
553 2751 1926 2907 vers, mein Ich Is sije christenlich geredt
