2479 3508
264 486 413 704 189
2024 199 2164 323 265
964 205 1733 388 Die Oichste Thlusseredi
526 360 2064 524 Michtbeorum, iiij. Stapite, mitt den worten, wie
532 457 2095 626 das Judas Machtbeus, gesprochen hab zum volck, las¬
538 559 2108 681 send vns rijsten Jurie hunel, Co wirdt Aich gott
543 645 2072 788 vnser erbarmen, vnd het zu verstan gaben, wie
534 719 2189 874 Judas nitt heb gesprochen, lastend vns zu gott ruffen,
541 809 2095 945 Punders In die hunel, So wirdt sich gott unser er¬
543 888 2212 1041 barmen, htt wol zugelassen, das nitt vurecht sije,
528 972 2131 1123 zij gott ouch rusten, Er habe aber das volck ermanot,
541 1056 2093 1194 Jupuffen In die huwel. was aber die hunel sijen,
538 1129 2133 1267 bewart fr voorss. Psalmo. xviijo. Dichmiel verkunden
974 1240 1127 1295 „te „
532 1228 2147 1379 die lob, vss. een „ vermeindt, das Oijen die Oaligen oder
538 1318 2087 1464 heiligen Hrn. hunel, darumb begar Ich zuwussen,
547 1404 1588 1554 Ob Er noch der meinung oije
934 1502 1770 1680 Ver Johannes lottstetter
1001 1636 1622 1783 Kilcher zu Brugg,
574 1795 2066 1948 Diewil vnd Ich ervordrot bin, van den biderman,
478 1913 2099 2043 Andtwurt zuijben, muier Predgi halb, Oo an al¬
511 1997 2191 2149 ler heiligen tag zu Brugg, zu dem Christlichen volck
513 2080 2149 2221 besthijchen, antraffende, eer hochgelobten Junckfrow¬
522 2162 2126 2300 en M wie, und aller gottes heiligen für bitt, Ob Ich die
497 2233 2112 2390 Nochmals veriache over nitt, Andtwuet ich, wie
505 2334 2074 2476 Dozemaln Ich gelert habe, Also veriache Ichs noch
490 2451 2051 2562 maln, Ich heb mich de zemaln, uff die heiligen
490 2504 2043 2652 gemeinen Christlichen kilchen, ouch in miner
490 2587 2135 2692 gnädigen herren vandtt, verlassen, vnd vermein¬
497 2675 1963 2811 Ich hab kristlich vnd gehorsamblick gehandlot
444 2763 2108 2904 Hiemitt beuilch Ichs zu disputieren den mergeler:
490 2849 2095 2996 ten, dann Ich bin, denen Ich mich vnderstchriben hab 1
1929 2939 2089 3036 H
1048 3293 1196 3427 3.
