2479 3508
1955 119 2082 234 208
748 130 1358 278 Dix uij ende lusroe
468 255 2155 427 Das tranck des nachimaes, ein thestament genempt
884 340 2191 514 vnnd aber niet ein thestament ist, sonder
463 393 695 512 Wirtt
474 442 2184 576 allein den namen empfacht van dem des es ein Zeich
508 523 2170 693 en, ist, Das aber Das blutt Christi met das thesta¬
504 612 2153 786 ment sie, Leerene, die wort paulij, selfs so er von
514 731 2174 867 stunden an druff spricht, Inn nu nem blut, welchen
516 782 2189 939 sinn Matheus vnnd Hartus mitt den worten usstraucken
499 865 2180 1020 welches blut fur die menge vergossen wirt zu nach¬
518 948 2161 1133 lassung der sund, Hoff allso vnsere bruder eckening
544 1065 2114 1222 Das wir mit dem Spruch genusis am xvii cap.
499 1152 2119 1315 Da die besthuudung ein thestament genempt wirt
529 1252 2106 1400 nitt erzwingen, wellenn Das darumb diso wort
525 1320 2095 1509 Couch mussine verstanden werden ein Zeichen des
540 1464 2144 1600 Thestaments, sounder so wir hie Inn den worten
544 1522 2070 1672 selbs vnd mit dem grundtlichen vercheissen Des
523 1598 2104 1749 thestamenis erzwunsen haben, Das, das tranck
495 1713 2125 1864 nit wesenlich das thestament sie, So zuchen wir
482 1774 2168 1936 Denn glick same ortt, der ystchrifft harin, an wel¬
499 1887 2161 2036 Jchem man erlerne Die art der reden, Des pöttlichen
502 2012 744 2127 worts
1001 2023 1556 2202 pfaxxer. v. s. g.
570 2150 2102 2320 Vir lassens by vnser vorgethanen antwurt belieben,
1037 2265 1420 2437 Lovingli
570 2388 2087 2567 und allso lassonds wir by vnnser erklaring
487 2533 788 2622 beliben.
1424 2490 2106 2622 das aber des Oster¬
480 2576 2072 2739 lambs habb, is anzoigt, sich das osterlam ge¬
478 2684 2048 2822 gen wuijrtig gewesen, vnnd hab midt destiunder
461 2775 2089 2956 die scriptischen erlösinnen bedutet auch das leuele
2136 2301 2225 2444 ses
2125 2760 2223 2852 vrij
2121 2835 2227 2956 and
