2479 3508
1213 139 1946 308 Die vii. Schluskred.
642 257 2252 434 finden, das In kurgem, nach der zitt der Opostlen,
645 371 2283 533 die begangnus der todten, also zijn gesin, Cas die
642 436 2319 640 geistlichen mitt den Priestern zusamen berust, vnd
657 552 2348 676 Demnach geladen sind worden, die Armen, die durf¬
672 647 2336 800 tigen, die weisen vnd wittfrowen, gespist sind wor¬
659 739 2302 906 den 1 fu ein gedachting der Ruw der abgestorbnen
668 813 2313 986 Oelen, Also vnd derglichen, hat man vor zwolf
672 901 2327 1064 hundert Jaren, Javritt gehapt, Solich Jarzit sind
674 1011 2334 1165 nitt ein beschwijrd der Armen, Nig wof er fen¬
663 1097 2353 1232 nen, das fuij vnd fur, mitt allein In disem Artickel,
666 1196 2357 1342 ende under ouch In vil indren 1 gross missbruch erwach¬
672 1316 2264 1458 sen sind, Das aber die Apostel Sommlichs nitt
663 1382 2308 1540 gelert haben, das mitt vsgetruckten schriften, In
653 1470 2319 1624 Gillisthen buchern begriffen, am ougt werde, weist
657 1563 2317 1717 man wol, das Thomas, Andreas, Matthias,
666 1664 2268 1809 vnd die andren Owostel, duch die zwen vnd siben:
706 1748 2197 1917 sig, So van Christo zu Inen erwelt, Luce etc.
666 1843 2298 1961 ouch gelert heben, darum man mijt hat, So hab
647 1942 2294 2056 Ich ouch In der andern Schlussred, In gefurt, wie
651 2064 2289 2207 die bazungen der Apostel, ouch Oijen zuhaltenn,
678 2115 2325 2262 Carum ouch Stat, das gebatt für todt und labendi¬
672 2205 2359 2372 gen, Das aber Paulus zu den Thessalonicenseen
672 2296 2254 2473 Opricht, Das man nitt solle teuren vmb die
678 2367 2300 2549 abgestorbnen, ware noch Ingefurtem verstand
670 2483 2241 2639 wider die Christi, von Abraham, von facob, von
672 2574 2266 2725 Josephum wie dann dem herren Jesu, die frowen
678 2664 2275 2803 vnd ander, ein mittliden gehept haben, Das sind
680 2768 2275 2919 aber die wort Pauli, Ir bruder, wir sollen vch,
