2479 3508
802 378 2279 562 so lannen sy hil lebenn, noch vill mangell
797 481 2290 644 vnd Jochum haben, Over Dielwel der
789 562 2286 735 deist gottes Irem geist zugnuß gipt. Das
802 667 2264 864 sij kinder yors sigent Daher sy get, allß
785 782 2271 953 Irem vatter vertrouwen, Inn Rheinern am
793 889 2254 1054 seije cap: so haben sy das avis lebenn
797 973 2264 1139 Johannes am vi cap: Darmus mas Je
789 1090 2253 1246 int schaden, ob sij schen int alle opt, der
787 1185 2211 1351 ende schafft eijtentlich verstanden, oder sunst
787 1321 2172 1479 noch Jan Jatumb sijnd, welcher
793 1417 2228 1548 Doch Das kundtlich vertouwen vff got
1578 1522 2279 1640 In beken Ich gein¬
793 1512 1499 1687 int vmbstossen,
752 1606 2260 1772 Leben fremen christen, Das much got. der
782 1706 2238 1903 all mechtig van tag zu tag weijter erklaret
783 1832 2285 1980 hat, ettwan hab ick vss. vnuerstand, thoman
808 1931 2290 2112 de aguino gebriesen, Da mir aber got durch
798 2037 2264 2202 sin wort zeerkennen heben hat Cas er
793 2131 2256 2290 von pot, abfiret, Has ick Im Nes
813 2236 2230 2401 gesagt. Den luter hab ich hoch gebrisen
778 2354 2223 2521 vnnd priss Ine noch het by tag Ja vill
782 2469 2232 2621 mer pot, den hern In Im Das er vns
780 2548 2258 2728 vom menschen, vff got gewisen hat. Das
772 2657 2238 2797 er aber nu zemall. Durch verhencknus
776 2749 2219 2906 gottes Damit int villicht Im Die eer
