2479 3508
26 756 147 855 et dans rien
30 1528 135 1659 ten dort
24 1637 137 1742 in des hochts
34 1718 127 1827 hundert
26 1798 137 1901 auch dekenne
30 2194 125 2305 himge
30 2258 141 2361 moding
24 2333 129 2436 am 8.
24 2506 163 2617 den, das
167 1603 349 1770 prima
367 1577 563 1724 B66
2040 208 2216 349 a 58
1024 234 1740 383 Die funfte Schlusred
569 369 2091 534 Erklärung wer die wort Danielis, van mir vorhin
575 492 1682 631 dar gethan, bij dem selbigen bliben Ich,
1010 575 2034 760 Doctor Johannes oecolampadius,
536 722 2073 899 Ich liss ouch bliben, bij minier erklarnug, hoeuor
538 829 2042 980 gethan, vnd souert Er etwas mangel hat, wil
577 921 1528 1069 Ich Im noch witter erklarenn,
972 1030 1627 1210 Theobaldus guter
573 1192 2131 1393 Die schrift durch hern fgidium, vnd hern Johan:
528 1321 2095 1482 nem buchstab, als antraffend das opfer der Niss¬
565 1399 2184 1571 hijt vnd gestern gnach der lange vil Othrift daygethan,
577 1488 2151 1659 namlich Melchisedeck, Malachiam, Canielem, vnd
577 1589 2180 1712 ansder u, So die recht verstanden werden, guijgsam:
579 1653 2125 1819 klich an tag bracht, das opfer der Masb, gemaes zu
575 1738 2121 1895 in dem wort gottes, Als Ich vertruw, vnd under
556 1837 2018 1996 wirff mich gemenier christenlichen kilchen
552 1919 2038 2061 wo Ich nitt griffo ^ mijg ware Dom gotswort
579 2026 796 2178 gesin¬
992 2101 1825 2238 Meister Vlrich zwingli,
583 2192 2176 2415 Dir haben all unser tag gehort, welicher sich subbs
556 2383 2131 2508 zu einem zügen darbütet, dem solle man kundt:
567 2436 2147 2607 sthaft nitt trouwen, So aber min her pfarrer, Oich
556 2530 2081 2670 Louch gar zu einem richter macht, luije wer es
530 2601 2069 2762 Im beuolchen hat, oder Inde gul. vrteils gestan¬
559 2698 2141 2829 werd, Oesthalb es wol, bij dem gemeinen under:
563 2774 2103 2926 schriben, bliben ware, wir bezugen vns, vff die
1857 2865 1954 2978 19
548 2863 1803 3024 da glaubigen verstand der Schrift habenn,
