2479 3508
38 1965 163 2139 Kelchen
26 2136 150 2244 haupt
21 2327 122 2408 A or
2083 161 2171 279 10
1042 144 1787 384 Die erst Schlußred
681 338 2162 551 than, Das er smen einigen, lijb Das ist der
690 491 2194 641 heiligen christen lichhen kilchen, hie vff erden satzte
698 585 2181 716 komen, durch een ex alls. durch sin verordnet
703 669 2175 795 pesetze houpt, vnne Statt haerer, vergieren, wellte
696 763 2190 919 vnnd wijsen Jun een thugenlch Christenlch leben
690 846 2179 1014 das er das gethan habe, Es zeiget des ersten die
698 951 2192 1099 Verheissung oder vor verkundung die geschriben
703 1033 2212 1196 statt Johannes am ersten Capitteel, Da Christus
694 1140 2168 1298 sprach zu perstro In bist Sijmon Johannes En
673 1222 1618 1376 Wirst, furchin geheissen Eechas
1110 1423 1594 1644 Werchstoldus
692 1603 2117 1813 Cromen Lieben Christen, Es hatt Der
656 1761 2109 1899 nicht vatter, anzougt, Das das houpt nit allein
682 1860 2141 1991 heb, das leben dem lijb somnder hab ouch ander¬
658 1935 2139 2109 Rigenschafften, den bijs zeregeren In smen vsser,
682 2046 2160 2203 lichen wercken vnnd wungen, So min Christus
701 2132 2128 2301 sin sicherlich lyblich gevenwurdigkeit hab vffge¬
679 2222 2072 2389 nomen, hab er gelassen, smen eignen leb vff
681 2312 2091 2475 extrich, ein gesetzt houpt, sin kilch zo Regieren,
658 2417 2104 2569 zu thugenlichem leben. Sag ich allso darzu
666 2511 2098 2689 des ersten Dis eijgenstchafft des houpts
666 2601 2096 2786 Christi, ist ouch die das er sin lijb regiere, als
662 2704 2104 2891 ein furst vnnd gepieter, Ezechielis am xxxvii
