<?xml version="1.0" encoding="UTF-8" standalone="yes"?>
<PcGts xmlns="http://schema.primaresearch.org/PAGE/gts/pagecontent/2013-07-15">
    <Metadata>
        <Creator>prov=READ-COOP:name=TrHtr:version=2.41.0:model_id=51170:date=09_03_2026_17:25</Creator>
        <Created>2026-01-27T10:34:57.159+01:00</Created>
        <LastChange>2026-03-09T17:25:03.676+01:00</LastChange>
        <TranskribusMetadata docId="13922579" pageId="112790624" pageNr="686" status="IN_PROGRESS" userId="537" imgUrl="https://files.transkribus.eu/Get?fileType=view&amp;id=FMOOKRAUHYKCDCQXXMDWAPHE" imageId="95349699"/>
    </Metadata>
    <Page imageFilename="112790624.jpg" imageWidth="2479" imageHeight="3508">
        <TextRegion orientation="0.0" id="tr_1">
            <Coords points="29,932 29,2828 161,2828 161,932"/>
            <TextLine id="tr_1_tl_1" custom="readingOrder {index:1;}">
                <Coords points="36,1002 49,999 57,1004 70,989 114,1014 125,1006 140,1004 125,944 110,953 97,944 70,940 64,947 51,944 40,953 25,953"/>
                <Baseline points="41,976 67,981 93,987 119,994 146,1000"/>
                <TextEquiv>
                    <Unicode>septembre</Unicode>
                </TextEquiv>
            </TextLine>
            <TextLine id="tr_1_tl_2" custom="readingOrder {index:2;}">
                <Coords points="42,1101 53,1099 83,1120 95,1114 102,1103 131,1118 144,1116 127,1025 116,1027 106,1040 70,1033 61,1040 51,1035 49,1040 32,1044"/>
                <Baseline points="47,1068 79,1077 111,1083 143,1086"/>
                <TextEquiv>
                    <Unicode>mit feuer</Unicode>
                </TextEquiv>
            </TextLine>
            <TextLine id="tr_1_tl_3" custom="readingOrder {index:3;}">
                <Coords points="28,1220 38,1218 59,1186 83,1201 97,1186 116,1186 100,1091 87,1095 80,1091 61,1099 57,1095 47,1097 28,1082 4,1091"/>
                <Baseline points="29,1158 58,1162 87,1167 116,1173"/>
                <TextEquiv>
                    <Unicode>etlicher</Unicode>
                </TextEquiv>
            </TextLine>
            <TextLine id="tr_1_tl_4" custom="readingOrder {index:4;}">
                <Coords points="30,1283 44,1281 55,1273 76,1285 91,1266 133,1268 125,1194 78,1199 66,1190 47,1218 23,1226"/>
                <Baseline points="38,1247 70,1247 102,1251 134,1259"/>
                <TextEquiv>
                    <Unicode>Monsieur</Unicode>
                </TextEquiv>
            </TextLine>
            <TextLine id="tr_1_tl_5" custom="readingOrder {index:5;}">
                <Coords points="47,1398 55,1398 64,1391 85,1364 100,1372 127,1364 119,1300 108,1300 97,1311 83,1311 53,1287 47,1296 36,1296"/>
                <Baseline points="50,1328 75,1331 100,1334 125,1337"/>
                <TextEquiv>
                    <Unicode>F.TrubyKing</Unicode>
                </TextEquiv>
            </TextLine>
            <TextLine id="tr_1_tl_6" custom="readingOrder {index:6;}">
                <Coords points="34,1609 68,1611 85,1624 95,1622 104,1611 127,1611 116,1529 100,1533 93,1542 87,1539 76,1554 64,1552 59,1558 49,1554 36,1569 28,1569"/>
                <Baseline points="44,1591 73,1595 102,1599 131,1603"/>
                <TextEquiv>
                    <Unicode>nen, daß</Unicode>
                </TextEquiv>
            </TextLine>
            <TextLine id="tr_1_tl_7" custom="readingOrder {index:7;}">
                <Coords points="44,1705 57,1702 72,1692 97,1692 104,1683 114,1681 106,1620 87,1624 70,1611 59,1611 47,1605 40,1614 30,1616"/>
                <Baseline points="50,1674 86,1679 122,1686"/>
                <TextEquiv>
                    <Unicode>dans le</Unicode>
                </TextEquiv>
            </TextLine>
            <TextLine id="tr_1_tl_8" custom="readingOrder {index:8;}">
                <Coords points="25,1815 36,1815 64,1789 97,1808 108,1808 112,1800 133,1804 129,1726 112,1730 83,1705 68,1713 34,1749 21,1749"/>
                <Baseline points="35,1773 60,1773 86,1773 111,1775 137,1779"/>
                <TextEquiv>
                    <Unicode>noch etc.</Unicode>
                </TextEquiv>
            </TextLine>
            <TextLine id="tr_1_tl_9" custom="readingOrder {index:9;}">
                <Coords points="25,2378 49,2382 59,2374 74,2393 93,2393 110,2380 133,2380 146,2198 125,2196 114,2183 89,2187 59,2151 42,2149"/>
                <Baseline points="38,2361 63,2363 89,2361 114,2358 140,2355"/>
                <TextEquiv>
                    <Unicode>en, dans</Unicode>
                </TextEquiv>
            </TextLine>
            <TextLine id="tr_1_tl_10" custom="readingOrder {index:10;}">
                <Coords points="34,2482 76,2484 108,2465 119,2480 133,2482 148,2382 133,2384 121,2378 108,2380 91,2393 76,2393 59,2374 49,2372"/>
                <Baseline points="47,2460 80,2454 113,2449 146,2445"/>
                <TextEquiv>
                    <Unicode>der lay</Unicode>
                </TextEquiv>
            </TextLine>
            <TextLine id="tr_1_tl_11" custom="readingOrder {index:11;}">
                <Coords points="25,2571 38,2577 68,2556 83,2554 93,2554 100,2562 114,2552 142,2556 159,2486 133,2484 127,2488 108,2469 78,2484 47,2480"/>
                <Baseline points="44,2546 71,2542 99,2536 127,2529 155,2522"/>
                <TextEquiv>
                    <Unicode>Dalabert</Unicode>
                </TextEquiv>
            </TextLine>
            <TextLine id="tr_1_tl_12" custom="readingOrder {index:12;}">
                <Coords points="25,2657 47,2670 64,2668 123,2636 146,2649 167,2549 150,2545 93,2571 85,2554 64,2566 44,2564"/>
                <Baseline points="41,2630 71,2624 101,2618 131,2611 161,2603"/>
                <TextEquiv>
                    <Unicode>of dor liebe</Unicode>
                </TextEquiv>
            </TextLine>
            <TextLine id="tr_1_tl_13" custom="readingOrder {index:13;}">
                <Coords points="23,2729 34,2732 44,2746 95,2738 138,2740 159,2655 142,2649 136,2653 125,2638 61,2670 38,2668"/>
                <Baseline points="38,2722 67,2718 96,2709 125,2701 155,2695"/>
                <TextEquiv>
                    <Unicode>lichen besten</Unicode>
                </TextEquiv>
            </TextLine>
            <TextLine id="tr_1_tl_14" custom="readingOrder {index:14;}">
                <Coords points="28,2825 38,2827 42,2835 53,2833 59,2840 83,2833 100,2857 108,2857 129,2757 116,2755 102,2761 97,2753 85,2759 72,2744 44,2744"/>
                <Baseline points="44,2806 72,2800 100,2794 128,2788"/>
                <TextEquiv>
                    <Unicode>teffen,</Unicode>
                </TextEquiv>
            </TextLine>
        </TextRegion>
        <TextRegion orientation="0.0" id="tr_2">
            <Coords points="170,1124 170,1762 429,1762 429,1124"/>
            <TextLine id="tr_2_tl_1" custom="readingOrder {index:1;}">
                <Coords points="159,1273 220,1239 248,1245 271,1232 330,1243 345,1256 424,1245 421,1173 392,1175 349,1135 309,1171 277,1171 241,1137 155,1152"/>
                <Baseline points="170,1224 195,1224 221,1224 247,1224 273,1224 299,1224 325,1225 351,1227 377,1229 403,1232 429,1236"/>
                <TextEquiv>
                    <Unicode>in wiffen</Unicode>
                </TextEquiv>
            </TextLine>
            <TextLine id="tr_2_tl_2" custom="readingOrder {index:2;}">
                <Coords points="172,1753 195,1749 218,1760 233,1747 265,1762 313,1758 330,1772 377,1768 383,1597 352,1601 330,1584 290,1616 244,1592 176,1605"/>
                <Baseline points="185,1710 210,1710 235,1712 260,1712 285,1711 310,1710 335,1710 360,1706 385,1701"/>
                <TextEquiv>
                    <Unicode>4554</Unicode>
                </TextEquiv>
            </TextLine>
        </TextRegion>
        <TextRegion orientation="0.0" id="tr_3">
            <Coords points="456,184 456,3449 2185,3449 2185,184"/>
            <TextLine id="tr_3_tl_1" custom="readingOrder {index:1;}">
                <Coords points="2003,267 2031,267 2039,275 2056,269 2071,252 2077,258 2086,254 2107,258 2111,252 2124,250 2113,201 2092,205 2067,188 2054,191 2043,186 2041,191 2037,186 2001,186 1988,191"/>
                <Baseline points="2006,223 2036,229 2067,236 2097,244 2128,247"/>
                <TextEquiv>
                    <Unicode>292</Unicode>
                </TextEquiv>
            </TextLine>
            <TextLine id="tr_3_tl_2" custom="readingOrder {index:2;}">
                <Coords points="1074,318 1146,324 1190,290 1323,347 1414,299 1516,339 1590,313 1626,339 1664,301 1688,324 1749,305 1745,180 1700,178 1652,216 1450,176 1347,235 1186,197 1146,161 1069,165"/>
                <Baseline points="1083,271 1116,271 1150,272 1183,275 1217,277 1251,279 1284,281 1318,283 1351,283 1385,283 1419,284 1452,287 1486,289 1519,289 1553,289 1587,289 1620,289 1654,289 1687,289 1721,289 1755,289"/>
                <TextEquiv>
                    <Unicode>Die vii. Chlussredi</Unicode>
                </TextEquiv>
            </TextLine>
            <TextLine id="tr_3_tl_3" custom="readingOrder {index:3;}">
                <Coords points="510,415 2109,466 2128,383 1925,307 1751,383 1529,332 1330,373 1264,313 508,343"/>
                <Baseline points="522,406 602,408 683,409 763,412 844,412 925,414 1005,416 1086,420 1166,424 1247,425 1328,423 1408,428 1489,431 1569,433 1650,435 1731,435 1811,437 1892,440 1972,441 2053,445 2134,447"/>
                <TextEquiv>
                    <Unicode>Colich todten dienst, furderlicher diensten, dann dem</Unicode>
                </TextEquiv>
            </TextLine>
            <TextLine id="tr_3_tl_4" custom="readingOrder {index:4;}">
                <Coords points="512,491 1040,506 1082,544 1419,519 1578,584 1768,523 2069,567 2067,476 510,438"/>
                <Baseline points="525,489 602,489 679,489 756,492 834,492 911,492 988,496 1066,501 1143,501 1220,504 1298,507 1375,507 1452,512 1529,514 1607,516 1684,519 1761,519 1839,519 1916,519 1993,519 2071,522"/>
                <TextEquiv>
                    <Unicode>armen, wurde Er es bald vnderlassen, Ob Ichen</Unicode>
                </TextEquiv>
            </TextLine>
            <TextLine id="tr_3_tl_5" custom="readingOrder {index:5;}">
                <Coords points="519,625 1086,582 1175,642 1440,599 2153,635 2151,551 2012,576 1959,529 1563,582 1190,508 1069,559 847,495 762,531 517,495"/>
                <Baseline points="528,576 609,579 691,579 772,576 854,574 935,576 1017,582 1098,584 1180,588 1261,591 1343,591 1424,591 1506,597 1587,599 1669,600 1750,601 1832,600 1913,600 1995,600 2076,600 2158,600"/>
                <TextEquiv>
                    <Unicode>zacken fiderlium gesprochen wurden, Es wirdt nott</Unicode>
                </TextEquiv>
            </TextLine>
            <TextLine id="tr_3_tl_6" custom="readingOrder {index:6;}">
                <Coords points="506,692 2120,716 2118,637 1175,644 1082,584 1012,642 883,584 504,625"/>
                <Baseline points="516,671 596,671 676,666 757,665 837,662 918,662 998,663 1079,664 1159,665 1240,665 1320,665 1400,667 1481,670 1561,672 1642,674 1722,677 1803,677 1883,677 1964,677 2044,680 2125,686"/>
                <TextEquiv>
                    <Unicode>gin, das Ir zum ersten probieren, dat ein fagfur sije,</Unicode>
                </TextEquiv>
            </TextLine>
            <TextLine id="tr_3_tl_7" custom="readingOrder {index:7;}">
                <Coords points="519,769 828,800 961,754 1065,819 1141,762 2058,777 2058,726 1868,745 1772,682 1715,716 1353,671 968,714 877,665 519,703"/>
                <Baseline points="531,761 607,761 684,758 760,758 837,758 914,756 990,752 1067,752 1143,750 1220,751 1297,752 1373,750 1450,751 1526,752 1603,755 1680,755 1756,758 1833,761 1909,761 1986,761 2063,764"/>
                <TextEquiv>
                    <Unicode>vnd So dasselb besthicht, so wellen wir dann be¬</Unicode>
                </TextEquiv>
            </TextLine>
            <TextLine id="tr_3_tl_8" custom="readingOrder {index:8;}">
                <Coords points="529,875 923,845 1044,900 1186,862 1296,900 1696,847 1768,911 1882,875 1859,773 1228,767 1065,819 898,760 739,822 529,779"/>
                <Baseline points="540,847 607,849 674,847 741,844 809,844 876,844 943,844 1011,841 1078,841 1145,841 1213,841 1280,841 1347,844 1414,841 1482,841 1549,841 1616,841 1684,840 1751,841 1818,838 1886,841"/>
                <TextEquiv>
                    <Unicode>sachen, wie den Oelen darus zu helften sije,</Unicode>
                </TextEquiv>
            </TextLine>
            <TextLine id="tr_3_tl_9" custom="readingOrder {index:9;}">
                <Coords points="1086,1048 1205,1061 1304,1016 1349,1040 1459,1010 1535,1019 1594,1061 1643,1023 1734,1027 1734,930 1654,927 1622,896 1518,936 1372,921 1311,970 1264,972 1148,887 1086,900"/>
                <Baseline points="1098,1000 1130,1002 1162,1004 1194,1006 1226,1006 1258,1006 1290,1006 1322,1006 1354,1008 1386,1009 1419,1009 1451,1009 1483,1009 1515,1009 1547,1009 1579,1009 1611,1009 1643,1009 1675,1006 1707,1008 1740,1009"/>
                <TextEquiv>
                    <Unicode>Johannes bijchstab</Unicode>
                </TextEquiv>
            </TextLine>
            <TextLine id="tr_3_tl_10" custom="readingOrder {index:10;}">
                <Coords points="1368,1105 1398,1103 1423,1129 1440,1129 1448,1135 1482,1129 1482,1019 1457,1010 1436,1027 1421,1025 1402,1035 1368,1038"/>
                <Baseline points="1379,1089 1405,1087 1432,1086 1459,1086 1486,1089"/>
                <TextEquiv>
                    <Unicode>24</Unicode>
                </TextEquiv>
            </TextLine>
            <TextLine id="tr_3_tl_11" custom="readingOrder {index:11;}">
                <Coords points="546,1232 656,1196 911,1245 1139,1199 1218,1243 1434,1190 1823,1226 2062,1199 2098,1143 1957,1103 1654,1152 1417,1122 1364,1165 1190,1095 771,1129 548,1042"/>
                <Baseline points="558,1200 635,1197 712,1197 789,1197 866,1197 943,1197 1020,1194 1098,1198 1175,1193 1252,1191 1329,1188 1406,1187 1483,1186 1560,1185 1638,1185 1715,1185 1792,1185 1869,1182 1946,1182 2023,1181 2101,1176"/>
                <TextEquiv>
                    <Unicode>Das die Richen vss frem gijt, met thuijgen dann</Unicode>
                </TextEquiv>
            </TextLine>
            <TextLine id="tr_3_tl_12" custom="readingOrder {index:12;}">
                <Coords points="1402,1239 1425,1235 1434,1241 1448,1232 1461,1232 1474,1243 1484,1241 1482,1196 1470,1201 1457,1196 1448,1199 1438,1190 1425,1199 1400,1203"/>
                <Baseline points="1412,1224 1437,1224 1463,1225 1489,1227"/>
                <TextEquiv>
                    <Unicode>H</Unicode>
                </TextEquiv>
            </TextLine>
            <TextLine id="tr_3_tl_13" custom="readingOrder {index:13;}">
                <Coords points="502,1313 1398,1281 1527,1336 1635,1277 1705,1326 2046,1279 2046,1224 1978,1188 1736,1232 1616,1194 1486,1249 504,1203"/>
                <Baseline points="513,1289 589,1292 666,1286 743,1284 820,1281 897,1280 974,1280 1051,1280 1128,1277 1205,1274 1282,1274 1358,1274 1435,1275 1512,1277 1589,1275 1666,1271 1743,1271 1820,1271 1897,1269 1974,1268 2051,1268"/>
                <TextEquiv>
                    <Unicode>die nomen, vnd der com, darzu gibt, To</Unicode>
                </TextEquiv>
            </TextLine>
            <TextLine id="tr_3_tl_14" custom="readingOrder {index:14;}">
                <Coords points="508,1404 1088,1370 1512,1429 1643,1364 1954,1410 2118,1353 2120,1275 1726,1338 510,1313"/>
                <Baseline points="519,1382 599,1379 679,1374 759,1370 839,1369 919,1367 999,1367 1080,1364 1160,1364 1240,1361 1320,1361 1400,1361 1480,1363 1560,1364 1641,1362 1721,1361 1801,1361 1881,1356 1961,1356 2041,1354 2122,1349"/>
                <TextEquiv>
                    <Unicode>Er Colichs vermochte, welte hy es ouch thun, 28</Unicode>
                </TextEquiv>
            </TextLine>
            <TextLine id="tr_3_tl_15" custom="readingOrder {index:15;}">
                <Coords points="508,1497 1019,1453 1273,1510 1393,1450 1766,1489 1846,1450 2007,1491 2067,1453 2162,1506 2164,1385 2035,1353 1946,1419 1707,1372 1404,1431 1088,1370 508,1404"/>
                <Baseline points="519,1474 601,1462 683,1459 766,1454 848,1453 931,1453 1013,1453 1095,1453 1178,1453 1260,1451 1343,1451 1425,1450 1507,1450 1590,1450 1672,1447 1755,1445 1837,1442 1919,1442 2002,1440 2084,1442 2167,1444"/>
                <TextEquiv>
                    <Unicode>Ossz wir ein bij spil mogen namen, vss: dem Enau¬</Unicode>
                </TextEquiv>
            </TextLine>
            <TextLine id="tr_3_tl_16" custom="readingOrder {index:16;}">
                <Coords points="487,1554 2067,1552 2067,1478 1846,1450 1730,1512 1654,1459 1412,1448 1273,1510 1019,1455 487,1501"/>
                <Baseline points="498,1549 576,1549 655,1548 733,1543 812,1540 891,1538 969,1537 1048,1537 1127,1537 1205,1535 1284,1534 1363,1531 1441,1531 1520,1531 1599,1528 1677,1527 1756,1525 1835,1522 1913,1521 1992,1519 2071,1528"/>
                <TextEquiv>
                    <Unicode>gelio, Marci. xijo. Co Christus Cach vie Richen</Unicode>
                </TextEquiv>
            </TextLine>
            <TextLine id="tr_3_tl_17" custom="readingOrder {index:17;}">
                <Coords points="495,1643 955,1624 1171,1671 2094,1624 2094,1556 1838,1533 1243,1588 1082,1544 1016,1603 498,1556"/>
                <Baseline points="507,1630 586,1632 666,1630 745,1628 825,1625 904,1624 984,1624 1063,1624 1143,1624 1222,1621 1302,1617 1382,1618 1461,1615 1541,1615 1620,1614 1700,1612 1779,1612 1859,1609 1938,1606 2018,1603 2098,1603"/>
                <TextEquiv>
                    <Unicode>die vil legten In den gelt Stock, Ist ouch ein arme</Unicode>
                </TextEquiv>
            </TextLine>
            <TextLine id="tr_3_tl_18" custom="readingOrder {index:18;}">
                <Coords points="493,1724 1205,1764 1438,1696 1556,1741 1889,1698 1961,1734 2069,1717 2071,1611 493,1669"/>
                <Baseline points="504,1710 582,1713 660,1710 739,1710 817,1710 895,1710 974,1713 1052,1710 1130,1710 1209,1708 1287,1703 1365,1698 1444,1695 1522,1695 1600,1694 1679,1692 1757,1692 1835,1691 1914,1692 1992,1690 2071,1695"/>
                <TextEquiv>
                    <Unicode>Wittfrouw komen, hat Ingelegt zwoij Ortli, das</Unicode>
                </TextEquiv>
            </TextLine>
            <TextLine id="tr_3_tl_19" custom="readingOrder {index:19;}">
                <Coords points="489,1796 625,1844 783,1791 1065,1840 1431,1777 1766,1827 1857,1777 2010,1836 2128,1806 2113,1677 1959,1734 1622,1702 1567,1749 1436,1696 1211,1764 491,1724"/>
                <Baseline points="501,1794 582,1797 664,1794 745,1791 827,1794 908,1794 990,1794 1071,1796 1153,1794 1234,1791 1316,1783 1397,1780 1479,1776 1560,1773 1642,1773 1723,1773 1805,1775 1886,1776 1968,1777 2049,1776 2131,1785"/>
                <TextEquiv>
                    <Unicode>hat gott, bas gevallen, dann dero, die vsz. vberflijs¬</Unicode>
                </TextEquiv>
            </TextLine>
            <TextLine id="tr_3_tl_20" custom="readingOrder {index:20;}">
                <Coords points="498,1910 779,1931 875,1891 923,1935 995,1893 1662,1868 1730,1916 1810,1863 2024,1885 2043,1825 1605,1787 1516,1819 1436,1774 1067,1840 500,1806"/>
                <Baseline points="510,1889 586,1886 663,1885 740,1877 817,1877 893,1876 970,1874 1047,1874 1124,1875 1200,1877 1277,1877 1354,1872 1431,1865 1507,1862 1584,1859 1661,1858 1738,1857 1814,1857 1891,1857 1968,1857 2045,1859"/>
                <TextEquiv>
                    <Unicode>sikeit ingelegt haben, Das Ich soll probieren,</Unicode>
                </TextEquiv>
            </TextLine>
            <TextLine id="tr_3_tl_21" custom="readingOrder {index:21;}">
                <Coords points="481,1980 853,2022 930,1965 1245,1997 1359,1961 1417,2001 1605,1946 2071,1961 2101,1891 1944,1857 1730,1916 1383,1874 921,1935 875,1891 775,1931 481,1912"/>
                <Baseline points="492,1973 572,1973 653,1968 733,1965 814,1964 895,1964 975,1961 1056,1961 1136,1961 1217,1960 1298,1955 1378,1956 1459,1955 1539,1951 1620,1946 1701,1943 1781,1941 1862,1940 1942,1939 2023,1936 2104,1934"/>
                <TextEquiv>
                    <Unicode>das een fagfur zije, hoff Ich gethan haben, hab aber</Unicode>
                </TextEquiv>
            </TextLine>
            <TextLine id="tr_3_tl_22" custom="readingOrder {index:22;}">
                <Coords points="481,2082 1508,2079 1755,2029 2179,2071 2179,1995 2052,1946 997,2020 915,1976 851,2022 665,1969 481,2026"/>
                <Baseline points="492,2051 576,2051 661,2048 745,2042 830,2042 915,2040 999,2039 1084,2042 1169,2044 1253,2042 1338,2042 1423,2042 1507,2039 1592,2034 1677,2033 1761,2027 1846,2027 1931,2027 2015,2029 2100,2031 2185,2042"/>
                <TextEquiv>
                    <Unicode>noch de hem heittere schrift gehort, dan Adlichs nitt</Unicode>
                </TextEquiv>
            </TextLine>
            <TextLine id="tr_3_tl_23" custom="readingOrder {index:23;}">
                <Coords points="476,2162 1393,2130 1465,2183 1846,2115 2073,2151 2109,2035 476,2082"/>
                <Baseline points="489,2140 570,2134 651,2132 732,2122 813,2122 895,2119 976,2119 1057,2121 1138,2122 1219,2122 1301,2125 1382,2125 1463,2124 1544,2121 1625,2119 1707,2116 1788,2113 1869,2113 1950,2110 2031,2110 2113,2113"/>
                <TextEquiv>
                    <Unicode>zijn, vnd Oomlichs witter zubestaeten, Nun Ich für</Unicode>
                </TextEquiv>
            </TextLine>
            <TextLine id="tr_3_tl_24" custom="readingOrder {index:24;}">
                <Coords points="472,2232 1215,2255 1323,2217 1425,2257 2001,2196 1942,2130 1821,2175 1700,2124 1467,2181 1391,2134 1237,2166 1152,2126 1097,2166 699,2128 614,2179 472,2173"/>
                <Baseline points="483,2218 559,2218 635,2217 711,2215 787,2212 863,2209 939,2209 1016,2212 1092,2211 1168,2212 1244,2212 1320,2210 1396,2212 1472,2212 1549,2209 1625,2206 1701,2202 1777,2200 1853,2194 1929,2192 2006,2191"/>
                <TextEquiv>
                    <Unicode>mich die wort Christi, Mathei. v. To der herr</Unicode>
                </TextEquiv>
            </TextLine>
            <TextLine id="tr_3_tl_25" custom="readingOrder {index:25;}">
                <Coords points="476,2325 572,2361 870,2297 1999,2312 2115,2285 2118,2219 1719,2200 1438,2270 1376,2219 1235,2266 739,2230 629,2276 476,2230"/>
                <Baseline points="489,2307 570,2307 652,2304 733,2304 815,2296 896,2293 978,2294 1059,2297 1141,2295 1222,2295 1304,2292 1385,2292 1467,2292 1548,2289 1630,2289 1711,2286 1793,2286 1874,2284 1956,2283 2037,2283 2119,2280"/>
                <TextEquiv>
                    <Unicode>Opricht, vertrag dich mitt dinem vijene bild, die wil</Unicode>
                </TextEquiv>
            </TextLine>
            <TextLine id="tr_3_tl_26" custom="readingOrder {index:26;}">
                <Coords points="468,2403 1158,2427 1997,2382 1997,2310 1743,2336 1611,2291 1476,2336 1266,2297 983,2359 896,2297 570,2372 468,2327"/>
                <Baseline points="480,2391 556,2388 632,2391 708,2388 784,2389 860,2388 936,2382 1013,2382 1089,2382 1165,2384 1241,2382 1317,2378 1393,2379 1469,2379 1546,2379 1622,2379 1698,2378 1774,2376 1850,2373 1926,2370 2003,2367"/>
                <TextEquiv>
                    <Unicode>Du noch vff dem wagt bist, damitt dich nitt din</Unicode>
                </TextEquiv>
            </TextLine>
            <TextLine id="tr_3_tl_27" custom="readingOrder {index:27;}">
                <Coords points="457,2486 2118,2473 2118,2414 692,2389 457,2450"/>
                <Baseline points="468,2472 550,2472 633,2472 716,2470 798,2469 881,2466 964,2466 1046,2466 1129,2466 1212,2466 1295,2466 1377,2465 1460,2463 1543,2463 1625,2463 1708,2463 1791,2463 1873,2462 1956,2460 2039,2457 2122,2460"/>
                <TextEquiv>
                    <Unicode>widersacher geb dem richter, vnd der Richter sinen</Unicode>
                </TextEquiv>
            </TextLine>
            <TextLine id="tr_3_tl_28" custom="readingOrder {index:28;}">
                <Coords points="453,2588 1859,2552 2046,2600 2077,2471 453,2494"/>
                <Baseline points="465,2561 545,2561 626,2561 707,2561 788,2558 868,2555 949,2553 1030,2550 1111,2550 1191,2549 1272,2549 1353,2549 1434,2547 1514,2547 1595,2546 1676,2546 1757,2548 1837,2546 1918,2543 1999,2540 2080,2537"/>
                <TextEquiv>
                    <Unicode>dienern, und legte dich In den kercker, furwar sag</Unicode>
                </TextEquiv>
            </TextLine>
            <TextLine id="tr_3_tl_29" custom="readingOrder {index:29;}">
                <Coords points="462,2653 1618,2668 1974,2634 1974,2575 462,2585"/>
                <Baseline points="474,2639 549,2642 624,2642 699,2645 774,2642 849,2642 924,2642 999,2642 1074,2639 1149,2639 1225,2639 1300,2639 1375,2636 1450,2636 1525,2636 1600,2636 1675,2637 1750,2636 1825,2631 1900,2630 1976,2630"/>
                <TextEquiv>
                    <Unicode>Ich dir, das du nitt wurdest harus gan, So lang</Unicode>
                </TextEquiv>
            </TextLine>
            <TextLine id="tr_3_tl_30" custom="readingOrder {index:30;}">
                <Coords points="445,2765 654,2729 735,2782 872,2727 1179,2772 1270,2727 1353,2772 1546,2729 2005,2759 2043,2619 1770,2685 1728,2647 1472,2683 1345,2645 1292,2691 1188,2645 1095,2693 845,2641 716,2685 445,2666"/>
                <Baseline points="456,2725 535,2727 614,2725 694,2725 773,2724 853,2724 932,2725 1012,2725 1091,2725 1171,2725 1250,2727 1329,2722 1409,2722 1488,2722 1568,2722 1647,2725 1727,2725 1806,2725 1886,2721 1965,2719 2045,2719"/>
                <TextEquiv>
                    <Unicode>bisz du bezalest den minsten quadranten, Ourch disen</Unicode>
                </TextEquiv>
            </TextLine>
            <TextLine id="tr_3_tl_31" custom="readingOrder {index:31;}">
                <Coords points="459,2821 819,2818 925,2869 1031,2818 1444,2869 1533,2821 2016,2821 2016,2763 1899,2744 1681,2774 1544,2734 1374,2787 1279,2734 1184,2772 877,2732 716,2789 623,2742 459,2759"/>
                <Baseline points="471,2812 548,2812 626,2812 703,2812 781,2812 858,2812 936,2812 1013,2812 1091,2812 1168,2812 1246,2811 1323,2809 1401,2809 1478,2809 1556,2812 1633,2815 1711,2815 1788,2812 1866,2815 1943,2812 2021,2812"/>
                <TextEquiv>
                    <Unicode>kerker, muss hie verstanden werden, ein mittle</Unicode>
                </TextEquiv>
            </TextLine>
            <TextLine id="tr_3_tl_32" custom="readingOrder {index:32;}">
                <Coords points="462,2905 1135,2956 1393,2905 1624,2956 2075,2920 2050,2801 1749,2859 1628,2814 1463,2876 1266,2818 955,2878 826,2825 775,2863 462,2831"/>
                <Baseline points="474,2895 554,2895 634,2895 714,2892 795,2892 875,2898 955,2898 1036,2898 1116,2901 1196,2898 1277,2898 1357,2898 1437,2900 1517,2901 1598,2901 1678,2901 1758,2903 1839,2904 1919,2907 1999,2910 2080,2907"/>
                <TextEquiv>
                    <Unicode>vfenthaltuug, zwusthen himel vnd hebb, das Ist</Unicode>
                </TextEquiv>
            </TextLine>
            <TextLine id="tr_3_tl_33" custom="readingOrder {index:33;}">
                <Coords points="1321,3424 1332,3424 1340,3418 1347,3426 1366,3424 1370,3420 1374,3426 1400,3426 1406,3337 1395,3335 1385,3346 1364,3358 1353,3358 1338,3339 1328,3339"/>
                <Baseline points="1331,3430 1356,3428 1381,3426 1406,3424"/>
                <TextEquiv>
                    <Unicode>adresse</Unicode>
                </TextEquiv>
            </TextLine>
        </TextRegion>
    </Page>
</PcGts>
