2479 3508
30 1198 147 1313 Arb. G
28 1275 185 1409 The Ceterie being
23 1388 170 1522 wegen des
36 1851 132 1949 gelenckte
28 1921 168 2072 der Eigne zu
26 2068 104 2142 enci
40 2148 198 2248 Wunster Amst
1927 162 2059 291 169
912 108 1575 300 Die vierd Schlußrad
478 259 2095 453 Das my Neben her Doctor vermeint, das wortt
493 389 2116 544 ist. selle niet wesenlichen oßgelen werden, Wann
508 450 2163 633 es des ersten, der Analogia des glaubens zu wider sy
538 563 2131 693 Soll minnes verstands int zugelassen werden. Dan
495 654 2078 801 wie woll es vnserm verstand allß der vernunfft
512 742 2116 897 gants ordreert, So man aber sich die vergleichung des
508 852 2168 956 allten Testamens In messung des lenclins vor ange¬
502 937 2161 1090 zeigt, vnnd Jetz In smen overten, soll es (alls ich acht)
510 1014 2189 1164 Den glauwen zu amderer ustlegung int bekumbern dan
504 1088 2108 1254 Den es redt, dem gewallt, geben Im himell vnnd
514 1190 2131 1334 vff erden / ergathei am xxviij capn. zum Ephestern
502 1273 2157 1430 am 1 cap: Dann hie ein trosum oder bedurich vsser¬
510 1362 2093 1543 ging, anzenemen, soll mit durper halber g schrifft,
484 1451 2138 1636 die gewißne versichert werden, von der Moustlichen
504 1560 2080 1715 neur wirt dem selbigen niem and absin Das es
1071 1660 2125 1796 Obrache besthechen, vnd over
491 1670 1033 1832 von dem samen
514 1734 2161 1904 en noturlich warer monsten ist gesin. Derglichen
512 1825 2138 2014 vmb willen. Der vereinsten gottheitt vnnd der
502 1949 2138 2112 beiden naturen vermischung, hatt en vill wer¬
499 2044 2104 2189 natürlichs gethan, Alls da ist die erklärung
523 2121 2108 2304 off Dom Berg/ Macher am xvii cap. Item
506 2240 2089 2376 onch Das er sinen vienden en entgrengen, en mitten
1900 2310 2072 2429 off
508 2325 1564 2486 vss Ir hemden, Lucas iiii cap:
510 2427 2129 2567 Den anzug minst hern Doctors van annemund
493 2508 2123 2669 Des brots Inn sin natur. Sag ick mit das das
508 2546 2214 2737 brot zu getlichem wesen vereiniget werde, somder das
504 2703 2106 2841 In dem brot, das vns der lijb Christi vnnd
514 2775 2138 2943 vnder dem win das blut/ Christi, v/ götlicher
2214 1124 2304 1222 Een
2216 1757 2310 1949 o
