2479 3508
240 2698 360 2818 118
2023 146 2181 271 282
1181 287 1863 463 Die Pibende Schlussred
638 431 2185 633 er nach disem zitt, de hem fagfur In der Obrift erfun¬
282 541 2169 729 Acht den wirdt, Oesthalb all toeten dienst, ws Vigill, Pel:
607 670 2110 819 masst, Colgrat, Vibend, Oriskgost, farzitt, Emplen,
607 760 1746 927 kertzen, vnd derglichen, vergablich sind,
995 866 1654 1049 + Berchtoldus haller,
602 979 2131 1155 ise thlusbred Ist zum teil gnugsam bewert, In der
605 1089 2113 1256 dritten, Da wir bekennen, Christum vnser einige
607 1183 2190 1336 wiszheit, gerachtikeit, erlosung vnd bezaling, fur aller
602 1268 2143 1437 welt sijnd, So volget Je von wten, Cas de hein ander
612 1367 2138 1555 gnug thuij, vnd bezalen fuij die rund, den abgestorb:
609 1459 2089 1637 nen nachzethun, sin mag, dann das liden Christi,
638 1553 2167 1762 Zum andren, Johannis iij. Opricht der heer, At¬
607 1656 2164 1833 so hat gott die walt liebgehapt, das Er sij einigen
598 1741 2197 1938 Tun gab, vff das alle, die In hun glauben, nitt verlo¬
607 1833 2167 2004 ren werden, Qunders das ewig laben haben, Dann
595 1934 2145 2094 gott hat zijn Dun, nitt gesandt In die wilt, das fo
605 2028 2197 2204 die welt richte, Vnnders das die welt durch Jun Oa:
607 2124 2230 2301 lig werde, wer an Inn glaubt, der wirdt nitt ge¬
614 2221 2070 2411 recht, waer aber nitt gloubt, ver Ist ende thou gericht,
581 2313 2136 2494 Hie Ist offenbar, das den glaubigen volgt das owijg
605 2397 2129 2588 laben, nach Irem abstheid vss. diser zitt, Nun aber
609 2480 2204 2689 waere das leiben nitt ewig, wann die arme Pelierst
600 2585 2204 2807 ein lange zitt Imp. faijfür, mitt benumen vande braten
593 2679 2150 2875 genigt tin muste, vnd welcher nitt glaubt, der
