2479 3508
1271 148 1941 337 Die. vi. Thluss. red.
1239 295 2117 467 Meister Vlrich Zwingli,
653 460 2295 634 Das Christus zijn nuiter verert hab, nach vermogen
647 577 2346 738 des gesages, bewaert nitt, das Oi darumb Oije zu gott
619 660 2304 829 gemacht, Oder Jco gottlicher gwalt gaben, Dann
651 747 2352 908 ses stat geschriben S'saijr. xxxxiien. Ich wird min
651 832 2338 999 Fr, de heniem andren gaben, wir sachen Johannis
638 919 2325 1088 11o. da dit funfrow Maria, an Christum cruordrot,
653 1016 2202 1162 das Er dem mangel am hochzit, zu hilf konne,
666 1103 2319 1256 Christus zij fro Cpricht, wil was nimpst du dich
660 1196 2261 1339 min an, min zitt fst noch nitt hie, In welichen
655 1290 2287 1464 worten, Er Ire absthlacht, das Sistm. nitt gebieten
653 1372 2255 1517 solle, In den drugen, die den gewalt der gottheit an¬
641 1432 2304 1614 traffen, Oessglichen Ist Luce. ij.o Quid me u
651 1544 2346 1725 Die Figur Versabe vnd Salomons, lissen wir
643 1635 2291 1807 nitt ein figur des sin, das Tianzoijgen, Runders
651 1737 2274 1879 es Ist ein anagoga, dann dieselben nurzit mer bewae:
666 1812 2272 1983 een, weder gesthmack vnd vouch, ob dem gesagten
660 1928 2223 2077 mal, zijn spisen, Oann das, darzu die Magogen
630 2013 2287 2172 gebrucht werden, Sol vorhin, in hebben worten got:
645 2081 2295 2210 tes, grund haben, vnd dan sij ein ziere, und
638 2168 2274 2308 nitt der grund, wetten hiebij, ordenliche Er der
641 2268 2242 2420 Saligen ewigen magt Marie, de henis wigs ge¬
653 2369 1322 2501 thuislerot habenn
1192 2452 1860 2620 Theobaldus guter
641 2658 2272 2842 Vier will vnsers erlösers Ist, Das wir vns keren
641 2781 2234 2932 von sijnden is, haben das durch den Propheten
