2479 3508
16 2156 126 2350 And
977 111 1621 292 Die vierde schlußende
1885 144 2016 237 206
588 181 2121 428 Kochen woll zeverstan, Das er int xedt
547 366 2179 477 o In mittem ovin ƒ gewußlich ouch ist das
623 434 2214 632 Der kelck, Das thestament Christi be¬
634 535 2146 712 stattlichen genomen werden mag vnnd soll.
628 654 2130 809 vom dem wort Das thuur In muer ge
615 737 2179 911 dechtnus, so es ein gedechtnus heißt wirt
636 842 2156 994 damit uit abgeschlagen, Das wesen dan
603 932 2195 1107 Dis gedechnus nitt allweg der abwesenden
630 1045 2164 1208 Dingen, sonder ouch der gegenwintigen vil¬
1237 1154 2181 1284 Alls des mengerleij In zie
617 1160 1018 1290 mals sine
609 1230 2204 1418 Der schrifft haren bracht mochten werdenn,
1660 1346 2175 1457 was Das lamb
621 1385 1434 1508 Als xxxi am xii cap:
623 1426 2193 1617 Das lams vnnd nuet erstinnder ward die
611 1541 2228 1714 gedecht mus gehaltten, Des so gott der het Inen
609 1607 2259 1796 In der wolthat erzeigt hatt, Das vbrig erfuh
636 1747 1969 1901 sich Inn der erst gegebnen, antwort. 10
1140 1823 1944 2051 Søvingh zue voorstaende
623 1948 2195 2160 In ußtrag der sach, bitt een vnnsere liebenn
564 2076 2183 2265 bruder, Das sy vns kurtzlich herussz lassende
1844 2191 2202 2364 Somme
630 2189 1784 2362 Was das nur thetament sie
574 2313 2224 2473 so dasselbige der heillig pauwus zum Hebrern
576 2393 2199 2566 am viii nennet, Das es das sie das er
582 2467 2228 2664 barmhertzig over de sin, vnsern Mißthaten vnd
593 2605 2218 2780 Vnsern sijnden vnnd vnserer wertwertungen
523 2720 2132 2891 niemer mer werde dencken, Alls ouch
