2479 3508
287 1860 454 2083 566
1965 186 2117 285 26t
895 190 1614 386 Die funfte Schlussred,
481 339 2024 523 Christus hat befrijxt, Ciewil min disse Ceremonien,
485 463 2022 604 vsserthalb dem wort gottes, unser Constienciën ge¬
493 543 2048 671 fangen vnd gebunden hand, So sollen wer ons bil¬
493 630 2038 768 lichen derselben entschlachten, dann wir nitt mer
485 693 2020 848 gefangen sind, vnder dan knachtisthen Joch des
473 794 2093 945 gesages, Magdalena het Iren glauben bezijget mitt
467 873 2073 1018 dem werck der liebe, gegen Christo Jesu, Das sol
491 962 2085 1095 len wir thun, gegen unserm nächsten, In der vbri¬
479 1036 2079 1192 gen Red, bestätigt der Schulmeister unser Schluß¬
1329 1139 1426 1196 B 9
487 1133 628 1271 red.
947 1188 1561 1359 Johannes bijchstab
420 1321 1998 1555 Twee Red Ienmal Ingefurt, wirdt glimpflicher
477 1487 2018 1632 gin zu verandtwurten, In der Ahlnsfred van dem
481 1570 1961 1705 fugfur, da man ouch von den Ceremonien wirdt
493 1656 1978 1772 handlen, witter vff min furgenomen mei¬
479 1737 2087 1907 ming, das es ein missbruch oije, dat brot der danck¬
487 1830 2058 1988 sagung anzubatten, weiss Ich nitt, das das brot, an¬
485 1905 2073 2030 gebittot zolle werden, wer das, soo vnder der ge¬
501 1994 2079 2141 stalt des brots fft, welichs de hem Othrift verbietot,
499 2068 2002 2222 von messung wagen, vnder beiden gestalten des
473 2153 2087 2272 Sacraments, Sag Ich mij, dann was die gemein¬
479 2232 2018 2382 Christlich Kilch annumpt, wil Ich ouch haltenn,
893 2386 1543 2531 Wertstoldus habben,
485 2547 2075 2729 is dat geschriben, Du holt gott den herren anbat¬
467 2666 1986 2798 ten, vnd Jan allein dienen, die wil min mitt¬
469 2741 1963 2903 de hamer schrift, wider die vierde Schlussred¬
