2479 3508
466 1101 627 1350 Maas
308 1209 411 1340 C
230 1956 627 2148 der diebstal
1137 122 1922 289 Die funfte Schlusbredi
654 245 2304 428 Jott Oije, van wagen des zusages, Ceremonien, Crug¬
654 365 2332 498 en, kleidungen, personen cij, van Ich mitt Othrift,
663 452 2298 578 noch nitt gnugsam von Jan vnderricht, Der kost:
644 530 2315 684 lichen Masß gewander halb, haben wir glich formige
669 618 2315 762 vor bedutnis In gescht, Als Exodi. xxviii. xxxv.
690 709 2334 827 xxxviiijo. Und wie Maria magdalena, den glou¬
656 798 2289 945 ben In Christum, mitt osswandigen Sichtbaren
663 884 2258 1032 wercken bestattot het, luce vij o. Also mag ouch
660 975 2237 1133 ein Jetticher christ, nach sniem willen, gott mitt
665 1055 2338 1173 vss. wendigen vnigen, gaben und ceremonien, dienen
656 1167 2270 1281 wie wol harum zu zitten, gross missbruch geubt
665 1245 2283 1393 werden Oer ounden halb. vnd missbruchen, so van
648 1336 2298 1488 Im witter Ingefuyt, begaende Ich nitt zu beschienen,
671 1418 2294 1564 Sunder Org Ich, das wir vil vnfrigs daruon haben 1
654 1500 2228 1658 wann teremie v. geschriben stat, vnser vnnd
677 1585 2275 1749 haben verhindrot die guten ding van uns, Eefs:
658 1692 2355 1853 glichen Osee. wije. Es Ist de hem warheit, de hem barm
675 1762 2239 1937 herzikeit, de hem wussen gottes, In dem ertrich,
690 1834 2361 2028 Der flijch, die luguen, der todstblag, der februch,
677 1937 2281 2099 Ende harin geflossen, vnd hat ein blut, das ander
688 2042 2260 2188 erreicht, vnd von des wagen wirdt weinen das
669 2080 2336 2251 ertrich, vnd wirdt bekrauckt ein getlicher, der dar:
665 2194 2355 2344 min wonen, darus heitter volgot, das wie von gun¬
669 2287 2173 2452 den und misschrijchen wagen, vnruwen hand,
1114 2437 1789 2591 Berchtoldus Haller,
627 2646 2264 2794 Caulus zu den Balathern am. v. ermant vns, das
665 2773 2239 2910 wir bestandig bliben sijder foijheit, damitt vns
