2479 3508
650 214 2295 424 Dechuus, gebenn sy mitt amndern worten die
720 377 2295 498 Vnseggung vnns Jun die Henne oder min her¬
733 472 2304 654 pfarrer sag her, was er nempt, Das uw tho¬
724 578 2295 743 tament Damit die conscientz versichert over
684 690 2285 883 den Dann so er den Charen spruch, allso
671 794 2314 968 verduncklet, mitt siner vnbewerten vslegung
731 900 2249 1086 So wirtt er sin consuentz int versichern, noch
705 1008 2297 1188 komen, Is wirtt sich aber er finden, Das der
720 1103 2285 1281 spruch klar fur vnus ist, vnnd die Apo¬
707 1213 2304 1400 stell woll nach vinnserm verstand In begraffen
699 1311 898 1476 hand
1258 1372 1921 1601 Pfarrer v. s. g.
771 1489 2251 1702 Off verantwortung mins hern Doctors
684 1643 2283 1817 Twee min Ingetragne redt. will so durch
692 1745 2325 1899 Inn, furbracht verlassen ich een zu horonem
671 1840 2329 1984 vnnd lasern, sollichs erkennen van dem wort
695 1931 2323 2105 ly enim, mit vergichung des spruchs pauci¬
642 2039 2340 2183 Verstan ick durch das wortt, enim. So verthuscht
665 2166 2306 2306 Wirtt, dan sie ein gnugsame erklärung der
663 2219 2331 2395 Ovorten, so in einen sinn vnnd verstand vmb
692 2329 2272 2516 ein geiche sach verstanden werden soll, von
2060 2380 2329 2562 woden
1912 2501 2046 2571 C
686 2444 1859 2605 Der fyur generisisis am xvi cap:
707 2556 2340 2715 stunde der gestaelt wie vor angezeigt In inner
2022 2649 2327 2770 f Den
680 2651 1726 2823 ersten red liess ichs belieben
1815 2698 1931 2772 -
701 2734 2367 2920 spruch luch der Kelch sie das nuw¬
690 2829 2317 3041 thestament In minem blut, Ist einem Ihr
