2479 3508
207 808 336 946 lvi
144 2019 443 2196 pⱥma.
157 2250 363 2405 14/12
2004 146 2148 259 237
948 159 1666 359 Die funfte Thlusred,
524 313 2096 463 von den Opfern des alten testaments, dann die Othon
528 424 2100 568 In Christo vollendot vnd erfult sind, Als Ir Ien
520 514 2200 664 gehort haben, vss den Hebreern am. x. capittel 1 16
536 587 2194 693 Oann wir min ein Opfer, Ein Opfrev, vnd ein altar,
516 666 2092 820 der Christus Ist, ad Febreos. xiii. bekennen, Ir
536 758 2158 902 werden ouch vergabens Jufuren, die Opruch vsch den
522 843 2088 992 Propheten, versoije amt. xviijtt. xvjc. txvj. Co:
1493 921 1589 977 ƒ
534 916 2094 1075 phonie am. iii. Malachie anc. i. vnd. iij. die dann
534 1004 2088 1134 reden, von den opfren allen christen gemein, dann
520 1094 2140 1232 dieselben sind unsere lib, ad Romanos. xijo. Opfer
520 1173 2138 1313 des lobs, Psalmo. l.o vnd dienstbarkeit bruderlicher
522 1284 2110 1420 liebe, ad febreas xiii.o wir werden ouch nitt
534 1342 2121 1488 mer hören von dem gewalt der kilchen, Oann bij
528 1428 2117 1568 der ersten vnd andern Ihlussred, gnug daruon
505 1528 2117 1680 gesagt Ist, Carzu lext Paulus, das das nachtmal
534 1605 2027 1726 allen christen gemein, In der gemeind gehalten
534 1691 2148 1835 solle werden, Oarumb was dese Schlussred wider:
516 1795 2065 1935 fachten welle, bringe klare Christ, damitt die
516 1881 2079 2027 gemeind gottes, mitt vinnigen worten mitt bela¬
520 1964 891 2115 den werde,
931 2027 1605 2196 Johannes bijchstab
499 2206 2098 2369 In dem namen der heiligen drijualtikeit, vnd alles
511 2346 2119 2480 Shunelsthen heres, mien, wie finden bij dem
511 2430 2056 2591 Propheten dauid, Psalmo. 1. viii. dessglichen zu
528 2522 2069 2668 den Hebreern anj. vii. Das Christus Ift Indi¬
541 2611 2167 2749 ewikeit ein priester, nach der Ordnung Melchi¬
536 2720 2138 2864 sedoch, derselbigen Melchisedoch, ein künig zu Sij¬
