2479 3508
23 1413 115 1555 that
28 1532 110 1663 d m
1192 138 1739 314 Dis erst Ahlns red
2034 197 2147 284 86
1075 312 1483 522 Wingly
598 422 2236 662 & etc. hirt soll gottes schaff werden, int hersthen
558 556 2263 751 Er spricht nit weid diue schaff, sonder mine
600 653 1971 887 die schaff vnnd der hurt sind gotes
1199 776 2058 1050 Vier Jacob Edlwach
592 997 2138 1247 Bof der almechtig verlich vns gnad vnnd
592 1173 1680 1324 erkantnus sus worts, samen,
617 1209 2138 1449 Volgelerten, Erwurdigen wijsen, gunstigen
602 1370 2147 1551 lieben herren vnnd fromen Christen, wie
617 1493 2136 1672 Da anzoigt ist bin ick noch uit berichtet
613 1565 2136 1759 Das Erff schlussell allen Jungeren somders
607 1678 2189 1854 allem petro verheisse nu sie, vnd die antwurr
598 1767 2219 1971 onth Inzug der schrifften, so dan hen Bercht¬
609 1894 2170 2036 told hett, wellen, bewaren, petro/ allein int
607 1992 2172 2193 verheissen sin, sonders allen, zucht thin In Jos
1097 2085 2181 2285 Damit erf beharen will, das
611 2128 863 2289 vi cap.
607 2204 2229 2386 wie da Christus zu ablen Jungern gesprochen
600 2365 791 2484 het
842 2340 2219 2499 wenne Ir ouch van mir wichen etc.
624 2444 2149 2632 mag int bewaren, Ovie woll petrus Dasples
607 2567 2174 2739 In aller namen In allen namen geantwurt
1585 2675 1716 2743 of the
594 2658 2225 2845 hett, Das er Darmus Christus hie ouch
607 2783 2238 2957 verhassen hem die schlussell In aller namen
