2479 3508
1984 188 2122 292 262
897 186 1645 371 Die funfte Othlushred,
502 332 2071 485 vor gott, So das nachtmaldes herren, der tod Christi,
512 467 2024 579 hochgeachtot wirdt von den gloubigen, haben vi
497 528 2041 681 zugniss. von dem heiligen geist, welicher geist der
502 610 1990 754 Thunelerung des lidens Christi fu der Maske
495 712 1121 840 dehem zügnisgit
930 799 1980 991 Meister Johannes mannberger,
493 997 2071 1156 Siewil vnde das nichtmal Christi, geuant wirdt
489 1105 1990 1262 Cena, und danck sagung, so wirdts ouch genant
495 1195 2110 1354 ein Testament Christi, Mathei. xxvj. Diewil
483 1270 2043 1415 es min ein testament genant wirdt, so het en
469 1386 2082 1474 hetlich testament, ein volffurer, Executorem, Das
477 1448 1994 1588 aber die Apostel vollstreckt vnd volfurt haben
477 1541 2096 1660 Das testament Christi, bewaren Ich durch die hei¬
495 1621 2029 1772 ligen Christ Johannis xviii. Do Christus am
489 1694 2110 1857 Crijtz, gemerot het in testamenti vnd sin muter
475 1782 2006 1923 Mariani, beuolchen Johanni, vnd gesprochenn
483 1857 2049 2029 roce mater tua, min war din muter, Opricht der
483 1951 2045 2126 text amselben Ort, und usz. diser Anne, hat Er
471 2035 2061 2198 Si genomen In zin hijt, Da Ist clar vnd offen bar,
471 2147 1961 2267 das vss. bevelch Christo, Johannes Solzijn, ein
499 2243 1437 2387 zugabuer huter Marie
883 2338 1737 2518 Maister Vlrich wonigl: 1
461 2506 2082 2695 Is Ist clarlich gnug anzoigt, das das Testament,
451 2644 2053 2789 das vns gott gemacht het, Ist gnadige vergab¬
467 2720 2104 2887 nug vnser vnnd, vnd wie ein Jedes Testament,
