2479 3508
299 3298 721 3448 -
692 650 811 809 m
1270 336 1655 541 Bucerns
835 437 2251 664 Das ir voorschrifft sollend darthun Das de
849 612 2245 762 regierung so petrus selvs hatt thun mogen
840 702 2287 858 Inhaben (schrifftlich zereden) mogen zu einem
819 791 2269 944 houpt der Christenlichen gemeind machen
806 880 2261 1049 Dann houpt sin der Kirchen, Ist nacen paulo
806 975 2200 1142 Dij kirch, gentlich lebendig machen vnnd
840 1073 2238 1231 mag sant peter vnnd aller siner nathkomen
811 1156 2189 1327 wellichs sind allein, die, so sins geists vnnd
831 1247 2200 1428 glaubens sind, sich nit wyter strecken, dan
808 1369 2216 1516 Das sij vsserlich Das en anfelium predigen
822 1463 2245 1615 welches doch om alle krafft ist. Der her
1839 1552 2049 1614 dann
819 1557 2205 1719 Jesus Das einig houpt mache, solliche
822 1657 2252 1830 predig Im hertzen krefftig Dan gott gibt
815 1750 1292 1926 das wachssen
1220 1900 1759 2084 Bicht natter
837 2256 2222 2461 Der Marti Buer bekent an mich schrifftlich
822 2407 2211 2556 zu bewaren. Das der heillig sant pieter/ ein
826 2525 2267 2657 sollichen gewaelt habs, oder was die regierung
782 2601 2229 2761 Im beuolchen, sich allso wijt verstreck, Das
808 2690 2185 2842 er In oder smeij naeckomen, habe moffenn
817 2793 2207 2957 machen, een houpt Der kirchen Er hoffe
