2479 3508
503 1945 606 2068 vff
433 2781 580 2983 47
638 2801 769 2993 Op
775 234 2302 435 bedurtt dagen wir Das das lamb sich selve int
763 367 2290 508 beduen kond/ Es was ouch Das Jeclich fest int
765 459 2292 594 Jnpesetht zu gedecktnuß eins lames, sonnders zu
767 542 2318 699 gedechtnus der Griptischen, erlösing exo: xvi capi
783 628 2282 765 Daran over woll mogen mercken, Das alles
695 709 2294 860 wenn, Das lam sin selbst bedutnus was, sonders
1804 802 2250 938 Allso evenig
759 818 1533 975 Der Emptstehen erld'sung
771 858 2268 1023 ist der lichnam Christi ein gedechtnus des
763 989 2252 1144 lichnams Christi / Somder wie das lam ein
789 1081 2310 1233 osser Zeichen, Inn der gedechnuß vnnd Danck¬
775 1168 2326 1341 sagung der Amptischen erlösung, ein bedurnt zechen
739 1267 2248 1396 was In welchem sich die kilch das ist das
735 1372 2324 1523 Welck, IJzrahell, gegen ein andern offentlich vfft het
783 1462 2264 1599 Selso ouch Inn der Kilchen Christi. So die
751 1559 2274 1690 Dancksagung der hellischen erlösinnen begangenn
1055 1641 2266 1811 Das brot vnnd der win darInn
733 1688 979 1778 wirtt.
753 1738 2235 1873 harumb getragen vsschlichen bedijven vnser
763 1833 2284 1986 Inners vereinbarung des glaubens, durch den
753 1907 2298 2078 wir durch een toe, Christi Jesu vereissen sind
771 2018 2300 2173 vnd statt aelso noch vest. Das ein gegen wur
769 2105 2260 2304 tig Dins, mitt ein gedechtums oder bedutnuß
775 2221 1392 2372 sins selbs sin mag.
1315 2296 1895 2481 Pfarrer v. s. g.
800 2358 2215 2546 Das Das brot vnnd win, söblichs allein sie
757 2493 2239 2650 bekennen over nochmaesz int verlassenn
773 2580 2237 2745 vns also vff vnser ingetragne erklärung so
749 2668 2270 2803 (wir villecht wijters In anjoiging Irer primo
781 2783 2217 2932 mitt der gnad gottes entschliessen werden
1259 2868 1635 3027 hovingli
