2479 3508
17 1015 133 1146 nicht die Nachrichtung
31 1140 119 1233 ntoif /
31 1229 116 1304 mire
37 1662 131 1764 Darmittel
37 1851 129 1945 das alten
31 2036 139 2138 den laten
40 2109 141 2236 Und Sir,
35 2215 133 2338 forien
25 2309 152 2417 bowalt
193 2739 277 2854 92
343 2502 453 2635 66
2053 216 2207 339 259
996 206 1712 383 Die funfte Schlusvredi
574 372 2155 532 priesterthum des alten testaments, gegen dem Prie:
595 474 2159 601 sterthum Christi Jesu, Namlich, wie die Priester
576 547 2092 695 des alten Testaments, opfreten gaben vnd opfer
580 639 2207 765 für die Ründ, Also get Christus Jesus der obrist Prie¬
589 722 2174 865 ster, ich salbs, fuij unser sund vfgeopfrot, voor mitt
582 807 2151 913 dem einigen opfer vollendet vnd volkomen gemacht
589 890 2126 1034 alle geheiligoten, vnd des bezug Ich mich uff den
578 965 761 1107 text,
965 1025 1945 1198 Meiste Johannes mannberger,
603 1204 2155 1394 Dise andtwurt hab Ich verstanden, wie her Berch:
574 1337 2182 1506 told Opricht, das der text gezogen werde, vff Chri¬
576 1416 2099 1556 stum den heuren, vnd sind aber die wort Pauli,
568 1506 2003 1652 ad Hebreos. v.o lang nach Christo gesprochen
580 1606 1997 1735 Oann fu mentsthlicher gesicht, het Paulus
587 1683 1828 1818 Christum nie gesachen, vor sniem tod,
1084 1799 1616 1968 Martinus buyer
1327 1939 1425 2053 211
547 1993 2215 2126 Paulus hat om Fuangelium, das Ist alle giu ochrift,
547 2103 2138 2244 durch die oftenbarum g fesu christi, empfangen,
532 2192 2070 2323 Ed. Galathas. i.o vsz. dem volget darumb nitt,
535 2273 2103 2419 das die Nass. ein opfer gije, volget ouch nitt, das
549 2369 1749 2508 die schrift Pauli, Zwifelhaftig oije,
978 2473 2059 2671 Meister Johannes manuberger
526 2714 2099 2877 Caulus der heilig Apostel, redt namlichen, das
489 2825 2126 2968 Der hoch und obrist priester, werde bitten fur die
