2479 3508
352 399 575 532 heil
629 152 2344 345 Darmus ovir hiehar gesendt sind Der Her ver¬
640 310 2354 454 liche gnad, sin gellig, einig, vnd vnorder sprechenlich
627 399 2367 560 wort vnnser einig vnd trost, trouwlich vnd Capffar¬
616 484 2341 658 zu verkunden, vff das der namen, hettes gebrissen
629 588 2033 716 werde, von jetz vnd In ewigket. Amen.
1267 668 1649 851 (Vingh)
629 779 2346 992 Von Der transsubstatation Das ist verwandlung des
629 942 2265 1089 brotts In den lichnam Christi, ist gnugsam anzogt
694 1000 2385 1183 Das die nebene gotes wort uit bestan mag, Christus
605 1115 2320 1278 hatt Abrahams gesthlechs an sich genomen vnnd
640 1222 2335 1365 nitt das geschlecht des brots Das wort, Johannes
644 1332 1018 1445 am vi ca:
1209 1309 2341 1456 Das brott das ick vijch geben wirt
1089 1317 1176 1454 0
729 1391 2344 1552 Ist ouch gnugsam gehandellet, wie Da vor an¬
629 1482 1109 1667 zogt ist, ende
1200 1569 1688 1777 Buchstab
653 1708 2302 1923 Der trans substantio, hals dienend vns woll zu
1986 1842 2300 1986 Das
664 1855 1884 1994 Sommis, En wort, Johannis vi
640 1925 2326 2105 brott, Das ick vch geben wirt Ist min fleisten ende
660 2068 2274 2194 wan nach minem verstand, so mocht das nach
629 2124 2326 2296 vßlegung der litterischen artt, bisß har gedispu¬
631 2229 2324 2372 wert mitt zu dienen Derglichen Die wortt des
629 2313 2320 2472 nachtmaes, So man deselbigen an alle gloss soll
644 2420 2344 2580 haltten, wirtt das brott int me sonder die ge¬
660 2517 1298 2678 stael. pesijcken
1202 2613 1695 2782 Zvingly
699 2652 2322 2880 Das ontt Johannes am vi cap: ist Daebbinn
679 2828 2313 2992 gnug erklärt, Das Christus die wortt Da
