2479 3508
27 898 139 989 d'attenteil
25 962 141 1072 men werde
19 1072 130 1150 ten wird
14 1130 132 1233 er, vnd
25 1270 120 1324 moment
174 813 275 958 4
205 941 397 1072 215
2017 166 2141 281 291
1171 153 1812 308 Die vii. ende plus bord,
590 300 2120 453 komen, wie ein dieb In der nacht uij, Carumb Ich
600 420 2118 552 hie, bij dem blossen text bliben, Ob mir aber ein
594 486 2174 594 glos wurde notturftig bin, wuwe Ich by dero bliben,
598 569 2164 691 die Indrijen trillen der welt, Als In Xsia Mrica
608 654 2214 796 vnd Europa, ob den tusend Jaren, gebrucht Ist wor¬
598 739 809 894 denn
1127 786 1713 945 Eerchtoldus halber,
652 966 2195 1152 Der Schulmeister klagt Sich, Einer glos wer den
581 1076 2178 1250 Opruch Pauli Ingefurt, So doch mit anders, weder
592 1183 2197 1324 die eijgenlichen wort Pauli, mitt frem natürlichen
604 1247 2170 1409 Sinn, allen geschrifften gemäß, harfür getragen
600 1347 2147 1473 sind, wirdt solichs erkennen, fin Jettlicher christ.
606 1417 2149 1554 licher laser, Das Fr vom tag des herren, harfur
604 1527 2141 1645 bringt, Is Sije eius jertlichen absterben, vnd pro¬
606 1601 2158 1717 biert es mitt Paulo, xrima Thessalonicensium
585 1665 2209 1794 v.o verfrret fr gich Datbs, Dann Paulus von dem
577 1750 2216 1909 Jungsten tag diselbs redt, wir wev verstand durch
590 1845 2249 1986 Een tag des herren, den tagt darinn vns gott bewout,
598 1924 2176 2085 heimsucht, vnd offenbar machet, wie wir erbuwen
600 2019 2203 2170 sijen, Dann In dem abstheid eius getlichen, wirt
606 2081 2149 2238 nitt Jederman offenbar, wie Er ein werck gottes
606 2172 2189 2336 Oijz, Bo aber der herr, vns besucht mitt dem Cruch,
606 2263 2180 2420 So werden die gedancken unsers herzen vfgethan,
583 2352 2054 2511 Hiemitt dienst der Opruch, ganz und gar mit
596 2464 1043 2613 zum fagfur,
1156 2532 1746 2712 Johannes buchstab
567 2758 1415 2913 Ich blib binn hebben text,
1051 3351 1214 3430 fait une
