2479 3508
359 1123 464 1279 91
1068 119 1809 281 Die ander Schluskredi
709 238 2310 413 hoort, der hort mich u, ward mir verandtwort, mitt
717 361 2329 518 einer Imiechenden red, als ware das, allein den predi¬
702 450 2284 600 gern gesagt, Dieselbigen vslegung nam Ich nitt an¬
713 532 2329 674 wann mich beduuckt, Solle man die prediger horen
711 618 2292 729 So solle man noch als bittich, vnd bitticher, ouch die
725 692 2335 848 vorstanden gubernieren Schuldig bin zuhoren, So doch
717 776 2331 947 geschriben dat Ad hebreos xiien. sind gehorsam viern
706 877 2339 1025 furgesichten is, zum anderen, ward mir andtwust
717 963 2313 1113 gaben, vff den Opruch Mathei. xxiije. off dan stul¬
719 1043 2329 1162 Moijsi uij, das dasselbig gelt verstanden worden, von
723 1134 2343 1277 der beschwarnis des alten gesages, mein Ich, Er gelle
725 1210 2310 1360 ouch billich verstanden werden, van dem, das vsz der
723 1290 2362 1434 Othrift des alten oder mijnen Testaments genomen Ist
723 1388 2343 1534 Ob lb. Thon allem ein Quin hat, vnd nitt die gleicher
729 1470 2333 1635 wort, So doch der herr das gesagt het zu sinen Jun¬
715 1549 2339 1733 gern, Di Polten es hitten und tun, ward mij ouch
725 1655 2356 1801 gemacht Ein Silogismus, wie das ein Jerklicher, der
719 1760 2345 1889 da weder den Spruch tauli ad Thuno. iiii. vorbutter
725 1816 2356 1996 Opisen, die gott zü nieslen ersthaften hat, und fo¬
741 1898 2358 2060 lich zuwerden, derselbigen hätte die ler der tijffela¬
725 1990 2329 2156 Oft denselben met wurten Ich also, zu erklärung
717 2095 2366 2239 des, So gestern geredt Ist worden, wann man sprigt
715 2163 2337 2296 Ein Jettlicher der dasselb verbijct, hat die ler der tu¬
741 2259 2335 2428 flen, das gib Ich zu, In rechtem verstand, weliche
723 2333 2345 2497 dann In der meinung Omd, ferung Inzufuren, als
729 2436 2329 2577 dann Pant Paulus das anzougt, von den kamerijen
717 2508 2329 2684 die Oich In kunftiger zitt erheben wurden, Als da
731 2608 2290 2746 waren die Manicher, die da die Opisen verbotten
741 2690 2290 2795 meinten, Es ware ein teil gottes ettwann dirum,
729 2768 2300 2914 vnd derglichen, wie man daruon list u, welicher
