2479 3508
477 524 706 733 V.V.
427 738 547 895 29
866 316 2270 502 In Dero ergsagt, hatt, vss. Dem broehern
822 444 2263 607 Osea, ein verderbnus, oder vmbkomen ist
828 547 2266 715 voorss. dix selb & Israhel dan glich wie
826 635 2284 800 die priester Im allen thestament. Den vs¬
873 731 2299 906 setzigen int machtent somnders aelein erkantent
835 833 2272 980 Eenne bestheuwten, den der vorhin ußsotz¬
858 929 2217 1091 in was, allso verdampt, oder vs schlußt
1339 1037 1495 1117 kennen
844 1040 2257 1186 Die klechen kennende weder den der sich
858 1153 2259 1297 mit fraffnem vngorlichen leben vorhin¬
849 1233 2270 1380 Dax gegeven hat, das man woll sicht, Das
844 1324 2266 1497 ex ein frund pottes, int ist. Denselben
840 1446 2184 1590 hatt man aber bij der gemeine oder
846 1511 2246 1693 wilchenn, gelassen, bisss zu dem vss. satz.
829 1630 2252 1775 Deß halb er nach dem Dem vssern an¬
844 1731 2246 1866 sechen, gleich alls woll der ein geid Der
844 1811 2255 1984 klichen gerechnet ward Oeof der aller
835 1924 2190 2066 fromest over bij got was er int
829 2017 2193 2168 fromm er truss dan, rechten warenn
840 2108 2252 2250 ruwen vnnd glouwen Im Hertzen welcher
835 2201 2201 2353 int woll sin mag nebend so fraffnem
826 2288 2235 2433 onuersthambten oossen-wiswoll der
818 2392 2201 2548 zu Chorintho von stuwe an, nach Dem
828 2501 2259 2643 ban sich taeffenlich gebessert vnnd geruwet
831 2570 2272 2755 han Ist ein zeichen. Das als die pötlichs
826 2690 2263 2830 gnad die In hat lassen vallen widerumb
1455 2766 2332 2954 deßhalb Das wids¬
828 2794 1415 2923 off gericht hatt
