2479 3508
39 2165 130 2269 1691
24 2379 130 2487 Ehegen
1947 220 2068 336 66
914 187 1536 403 Des last schlusced
543 391 2080 588 niemand sagen In der warheit, der her Jesus
519 519 2086 690 dan durch een heiligen geist, In der ersten
537 613 2135 773 Epistell zum Chorinthern am xii cap: Deshalb
529 716 2127 883 habe geinnet wie schwarlich das sin mag. Weer
560 800 2129 981 ge von het so vill erlanget hat das er vnsern
1107 912 1270 983 „singen
543 899 2066 1077 Hern Jesum fur, vnsern erloser erkennet vnd
547 987 2141 1182 gloubet hatt/ Der ist voorss. pot geporn, Mag zum
562 1095 2182 1268 tod meinermer sunden, vnd hat das elvig laben/.
527 1205 2035 1368 Das aber wyter der pronincial sine Comilia
549 1313 2104 1473 In sachen des glaubens (wie sij den glauben ver¬
562 1402 2135 1583 stande) hat vnderstanden ein hattig gebewaren, will
1300 1532 1443 1600 mijt
547 1498 2179 1683 sich vff Erssmall int weter daruff sagen, Daerin
549 1622 2072 1785 das sich das wider spill, gefunden hatt nu Inn
547 1726 2106 1899 nechsten comilie komensthen Concleo, das, fur ein
476 1832 2066 2000 verderplich ketzen erkennet, hat, Hollten, das ein
537 1939 2066 2098 gemein con Alium wer den Bapst sie welches
535 2019 2019 2192 Doch allß ein Helsame Warheit, beide Camilia
537 2116 2051 2289 zu Costenz vnnd Dasell, gehalten, erkennet haben,
523 2212 2000 2373 vum zum beschluß so hatt der pronunciat
560 2302 2004 2466 mit gar enstlichhen worten ein gemein potes von
511 2407 2033 2564 Bernn/ermanet van gemeiner Christenlichenn
533 2481 2031 2668 Kilchen int Zegrundern, áben dasselbige liebenn
525 2574 2078 2747 fromen, Christen, von Derum ermanen auch wir
649 2660 745 2715 Abt.
543 2682 2076 2837 vih vff ein rechten verstand, durch den herren
558 2755 2059 2932 vnnd vijver eijne wolfart allein vermerckett
