2479 3508
592 210 2322 431 bucher Mosis Das gott, Das gesatz hab geben, weer
1326 357 1495 423 „cvoxi
617 355 2276 510 zum Jemand stritten, es „ wider einander, das da
644 453 2284 633 stunde # gott, hatt geredt, mit Moser, predt vnd ijsatz
169 480 617 625 an sinten opt
647 587 876 726 geben
1015 559 2363 729 Oo verstan over Je das solliche wurck
166 587 617 712 ^ und abexam
180 647 2369 778 andern er hats mogen gottes, die er durch sine engell wurckt Jan
186 734 655 865 durch die engst
606 750 2355 892 falls dem ersten, autor vnnd houpt sicher recht zu¬
199 813 527 969 geben gl. ende
625 849 2344 1010 geben werden, So man es aber van den Engeln
649 941 2317 1124 sent, Ist midt dest minder die eer gotes vnnd ist
622 1053 2347 1225 Doch ablem die ambstantz des engell In einer ystalt
600 1165 2325 1329 die gott gevaelen hart, ersthinen, Seso stat
614 1247 2352 1373 Ses ouw vmb die het schuim gottes Abrahams
609 1353 2352 1509 bestgeigen. Dem doch dap engell erstinnen sind
633 1446 2328 1615 Nach der gestallt, Ist aber Christus jesus pauw
606 1553 2328 1711 vff erden / mit eigner person suis lijbs erstgenen/
630 1645 2369 1823 so ist sin lye personlichen Die wijl by der gerechten
1719 1768 2273 1902 Dan alls wenig
622 1746 1326 1932 gottes nit gewesen
609 1847 2303 2027 vnsere lichnam nach der vrstende mer dan
1615 1957 2306 2112 Also ist ouch der
611 1948 1321 2118 an einem oxt sind
619 2017 2341 2229 lichnam Christi Der In allweg vns van glich
625 2150 2344 2325 ist, allein an einem ont (Con futandi g r ati a dictis)
658 2240 2339 2429 jesst dem volgt das die erstginning paulo be¬
649 2347 2363 2532 steegen van vns int allso soll gemessen werden
639 2464 2306 2641 Als ob Christus Harab gefaren sie vnd die
633 2570 2363 2745 gerechten getes verlassen, Sonder van wellen
633 2663 2319 2841 die vort panti ii Ep: zijn Chormth: am xii ca:
655 2761 2344 2947 seles horen an welchem wir mercken werden
