2479 3508
1093 174 2055 384 verfarrer von Sant gallen
846 319 2320 507 off die ableinus so min her Doctor vermeint
803 421 2318 578 Die wortt des kelcks, int allso zu verstan sin, Weelt
713 502 2322 637 Ich gernn Demintes klich, ouch hins von Im fragen
735 586 2328 746 zu entstendung, Da der her gesaget hatt trinckent
743 688 2326 844 all Darusz, sprechend das ist min blutt was der
735 776 2308 931 her sinen Jungern dargerenhett, hab, oder was sy
741 856 1808 1011 truncken habenn. Darnach wijten
1293 950 1865 1101 fcolanipasius
823 1036 2277 1181 st och lieb Das Ir vande wellend verzuchen, der
711 1125 2234 1268 Ingezognen figuren, so will ick ick von stund aen
725 1213 2273 1348 vff vijver frag antworten, wo das niet willende
696 1309 1616 1442 wir Das vordrij abrichten
1332 1387 1873 1565 Farrer u. s. g.
703 1493 2267 1693 Sib ick amitwurt minem toher Doctor, von
703 1616 2239 1755 wegen der Ingezognen Figur. Ich hab dieselbigen
709 1703 2239 1883 In die acta, geben vnnd so ick recht ingedenckt
709 1761 2300 1969 bin, dieselben, erklarett, Dorumb mitt nodt wider¬
713 1895 2318 2038 Zeerholen In Wyter entstendung vnnd begeren wyter
709 1989 2300 2147 allss vor amittèvirt. Die figur aber lass ick In¬
731 2081 1268 2251 siner wurde stau
1295 2100 1967 2296 ecolampaelius
719 2245 2361 2402 Is fragt her benedicht was der her den Jungern
703 2343 2300 2457 gereicht hab gib ick Im antwurt, den kelch oder
729 2418 2290 2574 den win. Aber nitt schlechtlich sonder Das
707 2512 2304 2680 er sin liden Ius damit bevelck vnnd so zu einer
715 2604 1391 2764 Dancksagnus Jufure
1250 2700 1844 2878 Pfarrer v. s. g.
815 2710 2351 2976 Das vnnser primetius am kurtz versichert worden
