2479 3508
121 442 329 594 Publunij
222 873 335 1036 3½
1933 198 2046 339 48
572 323 2192 487 vnnd einen der frombe sey van der gemeind gotes
566 434 2105 580 Wis dann be den Juden de Zeller, der Rhömer
578 521 2137 687 gehalten wurden. Das aber min her Doctor
566 608 2111 780 Dargegen gearguiert hatt, Ein solche somme ge¬
596 713 2111 844 meine konne Iraen, Dorumb sy dis ont van
608 798 2149 974 sounderten personen mit zu verstan. In dem lieben
574 897 2111 1073 Christen, wo min her Doctor int wellt gloubben
568 998 2143 1151 So merckende doch Ir. Das Eijssz ont. van sollicher
576 1075 2153 1234 gemeind lutter wortt Chryensers hern Jesu Christi
590 1166 2127 1351 verstanden werden muß. In welcher ein Jeder
588 1277 2135 1471 Christ allß bald komen, vnnd vnd so er In sicht
602 1378 2109 1527 sundigen, nach vergender warum, angeben moffe
558 1452 2149 1634 Dann Clarlich der text lutet vor verlijgen, Sundet
596 1574 1364 1705 aber ein Bruder ende
1814 1566 2214 1693 Des Jarens
576 1620 2153 1822 halb aber, bekenn ick, vs ist kein gemeine vff erden
596 1749 2105 1883 wenn glich möglich war Das alle Christen vff
582 1826 2095 1970 dem pantzen endboden zusamen kamen, Das sy
568 1941 2131 2058 mit Inn villen dingen Jaren mogen d. Es wirt
590 2006 2107 2176 Je Ir keiner sin Im wirt gepuren Zepäten Her¬
586 2093 2109 2258 vergib vnns vnnser schulle, wo min sijnd Da
584 2198 2079 2335 auch Irthumb, Darumb ick vorgeseit hab
1087 2287 1218 2351 Saulijs
600 2309 1275 2452 nach der lex paeili
1462 2275 2058 2432 wie der gerecht
578 2398 2060 2541 In smem eifenen glauben lebt, Allso muisse
584 2474 2046 2634 er ouch sin eigen vrtheill vnnd verstands des
1467 2573 2163 2715 wie kondt Ich sa¬
598 2588 1424 2717 pötlichen worts habenn
592 2689 2064 2826 gen / Ich glaub minem hern Doctor, wenn
600 2759 2099 2929 ich noch int erkant hette, was sin red were
