2479 3508
1118 125 1906 320 Die funfte Oblusseredi
633 289 2310 449 Flijbracht Ist, das der lib vnd das blut Christi, wa:
664 401 2316 568 seulich In dem boot der dancksagung szen, So Sol
655 482 2351 627 es Je nitt angebattet werden, dann man wurde gunst
644 578 2325 684 uijt anbotten, dann das Sacramentlich brot, wellen
644 660 2340 800 hiemitt nitt verachtot haben, oder vervueren die Parcq:
644 741 2285 894 ment, bunders nach der bevelch Christi, Si halten
644 846 1120 975 vnd handlen
1137 914 1821 1104 Johannes buchstab
668 1128 2305 1306 Diewil Ich halt, den lib Christi, onder der gestalt
655 1258 2334 1367 des brots vnd nitt Jan boot, vnd den selbigen anbotten,
642 1341 2331 1497 Hab Ich wider das erst gebott nitt gehandlot, Onn:
664 1431 2338 1567 ders gethan, das mir darum gebotten wirdt, wit¬
662 1521 2312 1676 ter das die Nass. Ein gruwel oijt vor gott, darumb
546 1602 2305 1762 das Si große grachtot wirdt, gestan. Ich nitt, dann der
662 1696 2321 1878 gestalt ouch, das nachtmal Christi, nach Irem bruch¬
684 1786 2277 1957 onch das vfopfren Christian Cruij beschicken, ein
684 1867 2331 2040 gruwel genent mochte werden, Die ouch hoch vor
664 1968 2255 2115 den mentsthen, geachtet werden, vnd billich, das
668 2071 2215 2226 aber de hein gruwel Ist, vnd niemer zin wirdt,
1155 2172 1823 2336 Verchtoldus haller,
677 2340 2277 2546 Darmus das die Mijsz, fur das best werck geachtet
679 2498 2270 2616 Ist worden vor den mentsthen, vnd doch mitt 80
664 2577 2259 2697 vil wider christlicher missbruchen besijdlot, wie
677 2678 2233 2805 bewart Ist, vnd der Ahulmeister galbs zum teil
671 2768 2270 2914 bekendt, wie konde bi dann nitt om gouwel om
