2479 3508
354 910 436 1059 &
1995 156 2138 270 238
790 192 1590 360 Die fünfte Schlussred,
514 343 2129 484 widumen vnd funhalt fr ffrunden, zum drittenn,
537 453 2180 588 Das in glauwen vnd liebe, douit an vszwendigen früch¬
533 537 2121 680 ten erkendt mag werden, von priesteren, die fins
537 636 2153 750 Ergerlichen lebens omd, die Miss. all tag gehalten
535 714 2159 853 wirdt, Heist das nitt, die Sacrament van gott Inge¬
550 794 2087 946 segt, verlestren, zum vierden, Das Jarlich den
516 889 2104 1013 Leyen dieangent verbotten werden, So bij In er¬
535 971 2096 1106 ternus laben, vnd die ffasten, Ob Si Ochou die bo:
541 1057 2110 1207 ten sind 4 achtag die Pacrament handlen, Zum
516 1146 2098 1308 funften, Das die Missz. gott gab wie der pfaff, alle
520 1196 2203 1396 weg gijt ije, den labendigen und den toeten heilsam
524 1308 2172 1470 So doch das gericht gottes, nitt vber die Insagung Chri¬
524 1405 2218 1552 sti kumpt, Ounders werden, der es vnwierrig brucht,
657 1485 2176 1634 Zum Achsten, Der bracht vnd unkosten der miss.
518 1578 2041 1731 kleidung, In gold Pibber Piden Tamat, welcher
512 1656 2117 1822 dem glauben widrig, darumb das verdienst darum
501 1748 2089 1938 gesucht wirdt, vnd der liebe, das den armen Vo:
522 1832 2077 2016 lichs abgezogen wirdt, zum sibenden, das die
514 1921 2094 2075 Praften mitt der Misb, gemeinlich, weder gott
529 2011 2150 2199 noch der welt, vergabens dienen, Ommders wil mer,
520 2106 2064 2258 vmb der Presensz vnd Pfrunden wittey, Ouch vs
508 2197 2079 2357 git. Ich gesthewijt die vice derffrunden, damitt
522 2279 2083 2435 die wittwenhuijser gefreyt gind, Wun Ist der
503 2367 2094 2549 git fin ware abgotterij, Is mag ouch hievin, de¬
2092 2426 2174 2591 16
514 2460 2068 2648 hein Exempel vsz der Othrift, bracht werdenn
623 2557 2157 2692 Zum achtenden. Das das wort gottes verhindrot
522 2645 2106 2795 wirdt, So die Existlen vnd duangelien, Jufrouw¬
508 2736 2115 2909 Der Sprach gesungen und gelasen werden, dirus die
