2479 3508
459 1405 571 1515 T
1062 138 1862 308 Die Pachste Schluskredi
627 274 2358 474 fursprach, zwijsthen gott is, bedroft een vnderstheidung,
644 403 2302 547 Namlich, das In der Othrift wirdt erfunden, zwijerleij
642 489 2246 649 mittler, zu dem ersten Ist ein einiger mittler, der
642 571 2295 677 vns erlost het, vnd anders niemand, weder dant Pau¬
638 655 2222 780 lus noch omt Petrus, vnd also Ist es war, das ein
646 739 2332 888 einiger mittler Ift, der herr Jesus Christus, darumb
644 834 2302 942 das Er vns erloost het, Zu dem andern mal, wirdt
638 916 2299 1060 ein mittler erfunden In der othrift, nitt das Er vns
642 1004 2338 1164 erlost habe, Queder das sy gott fur uns bitten moge,
636 1095 2261 1237 Das Ist kundtlich, In allen Epistlen des heiligen
631 1202 2269 1345 zwolfbotten Pauli, Das Re sich ergebt, zu dem al¬
642 1274 2243 1409 ler ersten, fur die mentsthen zubitten, zu denen fr
642 1371 2274 1524 Othreibt, Oessglichen begert fr ouch, das mittel der
642 1457 2302 1603 furbittuug, von andren mentschen, In der ij. fpistel
629 1547 2282 1743 zu den Thessalo, am iii. ca. Ir bruder, bitten gott
631 1644 2323 1784 für uns, Op aber die labendigen hie vff frtrich, mo:
621 1726 2304 1894 gen gott fur vns bitten, das bewar Jchabso, darumb
631 1832 2246 1996 So mogen ouch die sij himel, gott für uns bitten,
653 1901 2263 2086 Das bewir Ich also, Paulus der Opricht, In der 1.
614 2002 2237 2174 Existel ad Corni. xij. Das wir alle samen, sind
629 2093 2353 2265 glider In Christo, Nun Ist die eigenschaft der glider,
636 2196 2278 2334 das fuis de mandren behilflich sol sij, des werden
651 2302 2271 2457 nitt vs gesthlossen die lieben vkerwelten heiligen In
627 2392 2276 2556 dem hunel, Oann Si bliben altwag glider Christi
625 2500 1058 2651 des herren,
1108 2543 1672 2713 Hans wachter
616 2733 2258 2935 lieber herr, Riet vnd fr anjoigt hand die für bitt der
