2479 3508
2211 225 2317 348 nij
857 246 2351 469 woll verstand was die samment beduten Ist der
857 383 2330 548 kelch der beurdiung den wir benedien, om ge¬
861 473 2351 648 meinsthafft des bluts Christi Das ist er bedur¬
861 586 2353 721 das wir gemeinlich durch das blut Christi erlößt
856 667 2349 836 sind, Vnnd aber eins das brot das wie brechen
856 756 2342 938 ist das nu ein gemeinschafft des lebs Christo
838 856 2326 1029 Das ist bezugt vns das wir die sind die Da¬
850 940 2351 1119 gemeinlich Durch den lijb Christi Das leben
854 1044 2328 1209 haben vnnd glder Christi sine Da erklärt er
867 1144 2344 1321 sich selbst, vnd sagt die vrsach. Dan wir die
852 1240 2326 1421 ville sind ein brot, ein lijb, Ist Je geruss Das
825 1336 2355 1511 wir nitt wesen lich das Sacramentlich broc sine
894 1438 2322 1607 So sind wir ouch int vnder oder mit dem
836 1526 2355 1688 britt wer darumb sind wir geistlich In
1411 1628 2361 1773 Das wir all wechhafftig sind
832 1651 1009 1757 brot
859 1686 2365 1905 vande gemeinsthafft haben, von dem huweest hem
811 1811 2355 1971 bret vnd werden auch he geacht fur ein bret
838 1951 2361 2088 Diewijl wir theilhafftig sind eins Sacramenten
838 2017 2322 2161 lichen brots vnd kumpt hernach wyter ein
1759 2101 2340 2224 Gechende den
834 2113 1690 2284 exempell, spricht allso
875 2190 2361 2388 straehtell nach dem fleißen. Ist es nitt, das
886 2282 2363 2467 die so essene Das opffer sind gememen de
840 2386 2361 2576 allthans. Das ist sy haben all gemeinsthafft
846 2511 2349 2670 einem aelthax by dem sy pott pitten vnnd
844 2572 2349 2763 theillen uit vnder ein andern, den alltare Do
836 2692 2365 2857 rumb dan aber eins, Das stat, Das vörcken
1282 2768 2351 2961 vince harnach volget wijter, Ich
836 2820 1117 2959 Κοινευνοί
