2479 3508
1273 110 1985 293 Die vii schlusseredi
704 253 2286 424 Ist othou verurteilt, Carus bestat, Das wir eint¬
683 365 2292 540 waeders glaubig oder ungloijbig absterben, Die gloubi¬
687 453 2327 604 gen In die ewigen froid, die vngloubigen, In die ver¬
683 542 2311 698 Dammus, Das bestätigt der herr Witter, Johannis
669 648 2236 777 vo. warlich sag Ich och, waer min wort hoert, vnd
671 725 2259 876 glaubt dem, der mich gesandt het, der hat das ewig
675 824 2242 988 lieben, vnd kumpt nitt in das gericht, Ander
693 924 2220 1096 Er Ist vom tod zum laben hindurch trungenn,
592 1009 2226 1167 Hie Othlust Christus nitt vs. von dem Jungsten
660 1102 2213 1279 gericht, Ounder zoigt an, das bij hoe, durch den
664 1194 2249 1387 gewijssen ungezwilloten glauben, anfachen salig
681 1304 2284 1441 werden, und werden In dehem vrteil Rach oder ver¬
662 1406 2199 1555 damnus vallen, vff disen tode Vnnders werden
683 1522 2255 1680 vom tod. In das laben gan, Ja durch den tod, In dus
669 1609 2330 1765 laben tringen, und was Oi verhoft haben, besigen,
671 1696 2271 1846 Carus wir verstand, das des Herben der glon¬
677 1800 2255 1972 bigen, Ein Ingang Ist In das leven, vnd de hem
660 1904 2228 2066 — Rollen Im Frg für, nach disem zitt, Decus wir
642 1999 2305 2151 Inen helften mogen, wir haben een klare zu g.
652 2099 2188 2280 nis Luce. xxiij. von dem Schacher am Criiij zu
656 2201 2255 2371 dem Christus Aprach, hutt wirst du by mir sin In
650 2300 2261 2452 dem Paradis, womitt wirdt diser Ethicher gefa¬
648 2371 2313 2550 tot, wer wil Juny Christo abiagen, vnd In das fag¬
654 2498 2317 2651 fur triben, Edlich vnd ander Christen, bezweijgen,
635 2595 2213 2739 das der gloub, vnd das vertruwen In Christum Ho:
654 2703 2176 2853 sum, die thure suis lidens und Otarbens, de hem
