2479 3508
1102 137 1514 300 Zwingli
693 240 2286 435 Nun frag ick sy, ob zweij muwe thestament siende
707 381 1168 485 oder nun eins
1228 449 1730 620 pfarrer v.s.g.
735 558 2217 763 Nuntwurt ick es ist allein een mur thestament
1241 723 1601 860 Lwingli
705 755 2246 945 So voegt Das kom tranck Das miw thestament
713 914 1073 1065 sen mag.
1327 953 1813 1126 Fauxxer v. f. g.
733 1090 2270 1257 Inntwort ick kein trank vermag das nur thesta,
1204 1186 2274 1357 Aber Das blut Christi wie ex ge¬
711 1206 1166 1333 ment sin /
723 1273 2282 1420 redt hatt, durch machennen. Das ist min blut
705 1372 2235 1516 des nuwen thestaments vnnd Lucas ouw sagt
701 1484 1390 1621 In minem blut ende
1257 1559 1692 1714 Zevingh
779 1619 2304 1849 Das sind Ir egne wort, kein tranck mag. Das
715 1794 2219 1945 muw thestament sin, Das blut Christi ist ein
717 1825 2308 2030 tranck, (allss sy roeen) So muß Das blut Busti¬
715 1970 1704 2129 mit Das nur testament sin.
1394 2062 1881 2217 Pfarrer v. s. g.
798 2121 2308 2334 De fiat processus in infinitio et ex theologus Aristote
695 2282 2229 2407 licus bemlich ick sollichs een lesenden In een
705 2382 1311 2540 actis zeeckennen
1214 2443 1591 2666 Zwingh
715 2538 2221 2721 So voegt min das die wort, Das tranck is
721 2711 2219 2850 Das nuw thestament, int mussend schlechtlich
1754 2797 1972 2876 „ sonder
701 2807 2227 2967 noch wesen lich verstanden werden, Das per
711 2884 2306 3089 Methonomiam Das ist durch ein nachnemen
