2479 3508
307 333 611 531 3.50
247 488 460 626 212
1204 140 1914 320 Die vii. Schlußsred,
611 273 2258 436 oder gebesserot werden, sagen wir des gloubens halb
630 385 2298 531 also, Oas disß der Recht volbomen glaub Ist, Da man,
626 482 2206 651 wie die Mostel Johannis vio. Nathei xvjc. glaubt,
632 568 2227 722 Das Jesus Christus, der Orin des labendigen gots.
626 703 2270 828 dije, vnd unser sijn, Aber In dem glouben, da gitt
626 761 2227 918 gott finem thurere werck weder dem andren, Er
617 847 2230 1030 gift ouch thurer glovij vnd fre, te nach der muß der
630 940 2270 1081 wercken vnd gloubens, die fr vor gaben hat, wo aber
617 1032 2199 1176 Colcher gloub nitt ist, Erkennen wie das nitt fur
641 1118 2296 1275 einen glouben, Oesthalb dem ersten glauben, salcken
630 1210 2277 1400 begegnet, ob glich Einer Im selben, der kleinsten Ift,
606 1305 2333 1479 Harwiderumb Jan vnglouwen, ob Er glich grosse werck
626 1404 2300 1561 hat, vnd grössere, In Operie, weder der da glauben hat,
641 1490 2212 1634 So wirdt der verdampt, dann alles, das nitt vs.
630 1578 2208 1746 glouwen, Ist vnnd oder vurecht, Ad Romanos xiiij
645 1660 2195 1851 Da Detrus Immer zwiflot hat, hat Er nitt an
634 1752 2189 1914 dem zwiflot, das Christus Jesus der Omi gottes
647 1858 2266 1982 weſse, dunder ob das, das fr Cach, Christus ware,
645 1931 2328 2092 vnd reicht das nitt, vff die volkomenheit des waesen:
630 2015 2206 2189 lichen glaubens, Der Rechnung halb eines Jeden
647 2124 2208 2288 vinnuijen worts, gloubende wir den worten Christi,
634 2217 2227 2367 Wer das blut Christi, wastht alles das ab, das wir
630 2316 2270 2453 hinder heben an der Rechnung, Das Christus zum
632 2382 2180 2556 fungling geredt hat, wilt volkomen ende u, dient
639 2475 2230 2653 vns gar wel zu unser ler, dann diser Jüngling,
632 2554 2328 2718 kam zij Christo aue glauben, vnd hatt aber vil werck,
630 2649 2232 2804 doch allein werck, die fun an 6 mom ende thalck oder gijt,
632 2743 2242 2913 nitt angriften, da nun der erkennen der herijen
