2479 3508
243 1543 328 1635 Monsieur
249 1596 559 1717 # worden
298 2436 544 2654 1m
2041 145 2173 259 309
1189 128 1865 324 Die viiij. Schlusfred,
630 271 2192 436 unmoglich Ist zubewiren, Es mag ouch das nein¬
618 381 2167 510 die Er nitt versthlachten, So das fa Othon bewart
628 475 2151 601 Ist. Namlich das sich zime Dem Bisthof, Ein
624 569 2228 722 wib zu haben, vnd ob glich de hem Exempel, nieuwe
630 656 2202 787 mer harnach gevolgot ware, Also das de hein Wi¬
636 732 2243 877 sthoft, wie de hem wil gehapt, dannocht So zimpt
620 830 2228 968 es nach gottlichem gesagt, wie aber die te den Bi¬
648 924 2159 1062 sthoften bruchtich Ist gewasen, Ist nitt nott hie
628 1025 1007 1156 zuerzellen
1162 1066 1812 1270 Johannes buchstab
632 1327 2114 1509 Das Philippus der Apostel, Ein wil habe gehapt,
616 1448 2181 1568 Lougnen Ich nitt, Dann Ettlich der Apostel, vn¬
595 1529 2147 1674 der dem gesagt gewibt hand, ob si von Christo
618 1623 2212 1766 beruft goud # Cie Obristen von mir vorhar Inge¬
616 1708 2167 1872 furt, bij den selbigen blib ich, und Ist dis min
610 1804 2135 1961 grøst furnamen, das die so gelubde in Tich ge¬
608 1888 2208 2012 nomen haben, die selbigen hollen leisten, dann outh
601 1980 2243 2145 Paulus Opricht. jn. ad thamotheum. v.o Eu golt
597 2069 2169 2222 vermiden, die Jungen wittfrowen, der Vich tegen¬
589 2159 2171 2316 gott verlobt hand, Opricht also, So ende vnkusttlich
595 2255 2194 2391 hand gelabt, So wetten Oi Oich In Christo vermach¬
608 2347 2126 2483 len, vnd haben die verdamnij, dann Oi den ersten
583 2451 2116 2593 glouwen oder gelijbe, vnmijt gemacht hand, Noch
585 2544 2143 2669 vel minder wirdt Polichs den Priestern michgelis¬
585 2626 2088 2758 sen, die zu teem alter komen sind, vnd somlichs
557 2714 2135 2869 tun oder lasten hand mogen, So Christus Opricht
550 2807 2069 2981 Luce viiiij. welicher zin hand an den pflug legt,
