2479 3508
763 187 2348 428 Ihere mijn, am ende cap: Wir wollend In lassen,
775 367 2356 511 das hollts Inn sin brotje ende Da durch
769 479 2338 611 Das wortt brott lijb verstanden, wirdett, Ich
814 544 2320 672 hette woll darfur wens es an Dyven ortt
830 621 2350 792 Der verstand pauci Also wie ers namp
806 720 2304 836 sott brott, hette er ouch melding than Des
775 814 1232 942 vorts win
1433 814 2308 946 Von dem Zeichen in gefurt
775 907 2297 1033 Lassen over alls argumenten rationis Den
798 995 2269 1157 horenden vnnd lesenden, darumb erkennen
1342 1118 1780 1275 Lovingh
899 1185 2302 1388 Sie erkennen voll Das offt ein Dingen
838 1338 2316 1506 Den namen Des behept Darnsz es gemacht ist
1873 1443 2300 1563 Dann wo
765 1455 1849 1599 das dient aber, hiehar mitt
792 1540 2366 1707 Der lichwam Christi voorss. dem brott gemacht
1090 1624 2358 1819 So over hie die verwandlung der
775 1678 1055 1800 over
796 1721 2348 1932 substantz, des brots In die substantz des lich¬
1587 1827 2358 1997 welche versubstantzing
785 1865 1315 2032 nams Christi
802 1944 2306 2149 sy mitt vns mitt erkennende vnd thune das
804 2042 2338 2220 recht vnre Christenlich Dan oo Im an¬
788 2145 2338 2318 derst, so vers mitt allein das geschlicht oder
802 2235 2281 2411 am Abrahams angenomen, sonder onch
783 2354 2304 2537 Das gesthecht oder samen des korns wie
814 2442 2306 2630 Vor gnugsam erklart ist. Den Spruch
798 2539 2312 2722 Jherenus am xi Der staet was ein andern
796 2651 2293 2817 sinn hart weder gemenckich wirt auszeigt
788 2754 2249 2921 bedarff keins verantwurtes, Dann nach
