2479 3508
239 2357 370 2486 185
383 2249 489 2404 zij
2061 162 2245 256 252
1029 182 1770 358 Die funfte Schlussvedt
583 323 2065 503 kern, Hie mag mijt anders, nach der uslegung der
577 440 2095 579 gottlichen lerer, verstanden werden, dann das rein
589 512 2189 653 opfer, der zart freylichnam vnsers herren Jesu Chri¬
577 606 1776 761 sti, In dem Ampt der heiligen Miss
1813 618 1946 716 14
954 724 1543 896 Martinus buijer
577 851 2153 1066 noch hulle Othrift, vnser wider parth vnüberwindt:
544 1003 2187 1140 lich Ist bewart, das die Masz. dhein opfer zin mag,
563 1093 2108 1234 darumb So wirdt disz Ort Malachie, So von einem
577 1175 2091 1308 reinen und angenamen opfer gottes redt, In de¬
571 1260 1604 1396 heinen wijg verstanden werden,
1113 1391 1604 1539 gidius murer
1359 1504 1465 1612 122
544 1553 2140 1727 zalachias der Prophet, redt hie nitt von Innerlichem
583 1660 2097 1797 Opfer, dann worumb, Er hat vormals geredt,
583 1747 2085 1897 von dem vsserlichen opfer der Juden, dannathin go
552 1838 2147 2003 Oegt Er ein opfer, das an die statt zal komen, der
571 1921 2159 2067 opter der Juden, das Ist anders nurzit gesin, als
571 2005 2081 2167 bis har diser Prophet Ist voorss. gelegt worden, dann
565 2099 1795 2255 das Rein opfer, wie vormals gesagt Ist,
954 2214 1596 2415 Martinus buzer,
532 2396 2108 2591 Is Ist vor gesagt, die wil die Mijssz de hein opfer sin
538 2525 2114 2666 kan, wie vsz. Paulo überflijssig bewart Ist, So
565 2617 2122 2769 mag diszort, von der Mafs. nitt verstanden wer¬
563 2703 2061 2828 den, Es lege is van der Missz. vs. glech werda
583 2826 810 2945 welle
