2479 3508
14 470 102 588 oegen
22 646 106 749 offer
12 1609 98 1733 my
28 2547 118 2657 farre
33 2653 132 2747 walli
212 430 312 613 6
222 588 358 762 24
981 102 2099 326 Die erst Scheußred, 34
633 303 2110 538 kurtzesten sitt was von dem Ban sagen. Erstlich
639 472 2069 611 ist hie noet, Das gleich wie man Inn
621 544 2093 721 aelen sachen die zwijffelhafft sind, zu Den
637 637 2124 817 gesatzten vnnd rechten leuffe, wir hie auch
643 727 2099 898 zu dem gesatzt des Bannes lonffend, Das
621 841 2126 981 hatt Christus wachei xviijo cap: In sollicher
637 906 2144 1098 gestallt gehen, Ob aber din bruder wider
631 1024 2140 1210 dich sundern so gang vnnd straff In zwinstchen
584 1122 2110 1301 Dix vnnd Im allein / hort er dich, so hastu
617 1242 2112 1381 duren bruder gewunnen, Hoort er dich aber
639 1324 2138 1499 int/ so nim emenn oder zeven zu dix, damit
637 1448 2053 1609 ein Jede sach, mit zweyen oder dryen moge
645 1511 2118 1692 bestat werden, vnnd so er die werhert so sags
631 1621 2114 1776 Der klechen werheit er aber die kilchenn
646 1761 2162 1894 so halbt Inn allß einen heden/ oder publicanen
631 1820 2203 2006 Hie erlernend wir erstlich, keinen, einigen Zimpt
1882 1924 2195 2079 Desshalb
656 1934 1786 2087 gebannen/ sounder allem zewarnen/
605 2024 2142 2197 die Dienst vnnd Disthoff een ban missbrucht
617 2126 2195 2289 haben, So sy offentlich ver der pantzen ge¬
611 2232 2079 2386 meind gewarnet, Dann die warminen
613 2321 2105 2486 In geheimbe vnnd fruntlich beschechen, soll
627 2423 2091 2568 Zum anndern Das onch int zeven oder drij
627 2519 2075 2680 bannen sollende / sonder allein warmen vnnd
619 2619 2136 2788 bereit sin kundtschafft geheben, so es die sach
1285 2702 2169 2900 Zum Dritten volgt erst
619 2725 984 2896 exuordert
