2479 3508
12 746 133 852 borten
2012 209 2139 332 64
1034 162 1585 381 Die erst schlußend
576 388 2083 570 will der nu sijn, wo nur zaven oder dry
568 497 2197 684 In smein namen versambt sind / was darff
570 607 2108 779 man sich erst vmbsechen, vmb ein gemein
1013 705 2135 858 Dan kein ysthrifft vorhanden
570 721 904 858 Concitin
576 800 2216 987 ist, Das so der huff grosser, so darumb
568 916 2095 1090 der her Dester mer, bij Inen sin wolle,
572 945 2180 1188 So muß ouch ein Jeder glaubiger empfinden
574 1113 2205 1277 vnd nit wanen, Das der her by Im sijs, Das
587 1221 2189 1391 er mit panto sprechen moge, Ich laben nit
584 1295 2184 1478 Ich ruchten uit, Ich reden int sonders
587 1418 2120 1625 gesus Christus Der Dut es, In mir alles
624 1683 2199 1896 In Der verantwintung der gestrigen Inred
553 1836 2116 1971 Des prouinals hab ick hijt an Dem opt
578 1917 2149 2050 gelasen vand do er wider die gale wort
597 2004 2118 2157 vnsers herren Jesu Ols en heisser Den
564 2110 2216 2269 bruder, so sich wer bezugte war mich nit
580 2176 2170 2321 bessern will, der kilchen anzoipen, furgeben hat
564 2296 2178 2468 das die kilch, uit allein ein sondre versam¬
568 2390 2218 2586 lung, sonder die gantze gemeine kiech Im concilio
582 2487 2145 2676 versambt, heissen solle, vnd hat furgeben, Das In
570 2611 2234 2761 gemeinen sunden woll int not sie eins gememen
555 2690 2157 2866 Concilij Zeerwarten, Sonnders es moge, ein Jede
576 2804 2180 2980 gemeind potes, solche straffen. Aber so es
