2479 3508
0 650 144 813 I am &
21 784 165 922 Né àux
23 922 169 1023 Dann geb.
19 1018 134 1099 in die
35 1097 144 1234 essenen
43 1197 158 1323 Das het
47 1290 165 1416 brenging
16 1403 160 1551 ret so in
23 1479 121 1615 nach
33 1706 115 1819 leben
235 1335 362 1551 A
1852 183 2006 280 152
961 136 1658 309 Die vierd schlußers dr
547 261 2197 469 werde, soll her pfarrer, allso mercken, das geich vor, den
570 409 1093 574 Worten allso statt
1200 414 2189 531 Ich bin Das brott, das la¬
574 494 2183 648 bendig, Das da vom humell harkomen ist, welcher
564 578 2138 743 von dem brett essen wirtt, der wint evengklich
568 683 2204 821 laben Das min hie verstanden werde was Christus
588 774 2234 920 mitt dem wertt brott gewellet habe, so er erklärt
595 872 2084 1033 er sich selbes, mitt den nachgenaden worten,
582 979 1185 1117 ἄρτος δὲ σρὴ ἐχὴ δόρου
1210 914 2191 1099 unnde das brot aber Das
597 1060 2113 1177 ich och gebenn wirtt sij In welchen worteinen
595 1138 2171 1259 man hall vermerckt Das er per Epanaphoram. Das
601 1228 2195 1366 ist ein widerholen, hatt wellen zeverstan geben, was
595 1323 2111 1461 Er meinen welle (mitt den worth bret) Dan so
595 1391 2187 1566 er spricht vnnd das bret, aber sich man woll das
593 1490 2204 1625 Hr. widerumb hin vff gatt, zu dem Brott, von dem
601 1588 2097 1761 Er vor gecedt hatt vnnd hatt, den sinn samm
1197 1689 2097 1839 Das Ir aber Coussonne
580 1702 1128 1856 Christus spreche
588 1788 2092 1959 was das brott sie von Dem ick vch sag, so
593 1899 2185 2060 ist es das ich min fleißen vmb das labonn der
580 1998 2111 2140 wellt wirdt Inn tod gebenn. Es mag onch hie
588 2101 2092 2255 mitt ein a s'Intethon sin ij er erco dooro domnders
574 2193 2119 2372 Dise gantze perccepa oder sinnen, Ist int ein ver¬
582 2298 2080 2473 heissung sonneer een verslegung was Christus
570 2399 2117 2582 verstande. Durch das das er sich selb Das
588 2512 1562 2679 lebendig brot genempt habe
1090 2586 2070 2778 ffarrer von sant gallen
700 2747 2136 2932 S will nun her agister vlrich Das
564 2841 2080 3022 Dese wortt Das brot ^s sollme verstanneer
