2479 3508
1018 141 1772 322 Die funfte Ochlussredi
622 267 2283 437 Hebreern, Als denen, So des christlichen glaubens noch
629 378 2290 524 nitt vollomenlich bericht, geschriben, das vns Christen,
633 471 2260 606 disz Opfer Christus gnugsam sije, von wagen, das vns
633 553 2275 685 nitt witter not gye, bock, kebber is, zu opfren, Ounder
627 635 2269 767 das wir van die Statt der alten opfern, Christum das
627 717 2309 858 oberst opfer haben, der Richtbarlich, In einem totdlich:
648 805 2292 929 en lidlichen lib, ein mal, für alles mentsthlich ge¬
662 883 2258 1034 schlecht, am evitz vfgeopfrot Ist worden, Carnon
641 969 2252 1129 zij den Hebreern nu viiij. und x. Christus sijn
639 1053 2288 1203 ein mal Ingangen, durch syn eijgen blut, In das hei¬
650 1146 2256 1312 ligthumbus, Er sije ein mal geopfrot, Er habe mitt
641 1232 2294 1369 einem opfer In die ewikrit, vollendot die geheiligo¬
641 1320 2254 1432 ten, welche wort aber nitt abthund, die Iegen behoorten
645 1407 2296 1558 gestalt des opfers, So taglich In der Mass beschicht,
660 1514 2212 1623 Vann Paulus Ochribt hie, wie Christus ein mal¬
654 1583 2273 1730 von unser gund wagen gestorben gije, vnd am Crúz
654 1663 2304 1812 in blut vergossen, sich halbs vfgeopfrot, gott ijnem
648 1745 2224 1865 hunelsthen vatter, wie ad Romanos. vj o. Cristus
656 1838 2233 1970 Ist ein mal gestorben, von der sund wegenn u,
669 1928 2187 2086 Was ouch gegen geworften Ist, Christus hab
633 2014 2311 2197 gung gethan, fur aller welt zunde, Ist darumb nitt
639 2107 2260 2273 gnugt, das wir nijt tun sollen, oder gar foij Exen¬
645 2195 2332 2346 dienst wurde niemand verdamt, Das liden Chri¬
648 2275 2214 2435 stifft volkomen ging, für aller welt sund, Ja
635 2386 2300 2510 dem, der sich des teilhaftig macht, als In der dritten
645 2441 2277 2618 Iblustred, gnugsam amoigt Ist, Das ander op¬
633 2542 2262 2714 fer wer, Ist geistlich, dann wie Christus, nach
635 2634 2260 2788 der Ordnung Melchisedech, Ist ein priester In die
654 2729 2203 2864 ewikert, Also Ist von noten, das Er ouch In die
