2479 3508
377 434 558 590 220
2013 180 2105 268 297
1166 187 1762 395 Dec. vii. Schlushred.
572 330 2141 499 noch doet nachgelissen, fur niemer, vnd Ist periphra:
574 434 2092 578 sis Ipsius nunquam, Empfelchen unser ler vnd ver¬
592 517 2115 649 stand, ouch allen Christgloubigen, vnd mitt der Bijsti¬
578 612 1409 752 then kilchen zu veteilenn
1131 724 1744 878 Johannes buchstab
568 941 2139 1095 die imptor, Co den todten nach beschicken, vand ouch
560 1054 2173 1208 zum teil grune, In den Buchern Noijsi, van hern Berch:
570 1139 2030 1304 tolden ein wenig gemeldt, Genesis. xxxxxviii.
578 1233 2025 1371 wirdt angezongt, wie Joseph, die begrebnis gnies
572 1322 2070 1468 vatters, In dem Cananeisthen ertrich, mitt grosser
572 1399 2137 1545 klag, biben tag begangen heb, darumb es der Schrift
572 1492 2062 1624 nitt widrig tst, den todten nach, ouch Pibenden zu¬
566 1581 2068 1687 halten, So Noses vnd wron sind gestorben, Ist
562 1685 2080 1813 Jetwadrer drissig tag, von den kondern van Israhel,
566 1760 2194 1910 beweniot worden, Mumeri. xxo. vnd deutronomij
543 1849 2137 2019 xxxiiijo. welichem mitt widrig Ist, ouch die dris¬
572 1940 2180 2103 sigosten zuhalten, Das aber die heiligen Apostel
556 2040 2121 2188 nitt haben tarzitt begangen, Ist Eich nitt zu ver¬
562 2125 2147 2267 wunderen, vann Si mijsten In alle waelt vs. gan,
543 2212 2167 2370 das Ruangelium zu verfunden, damitt vnd erfult
556 2319 2180 2478 wurde, dit Prophetij, So der Prophet Oauid, gesprocht:
560 2415 2090 2569 en hat, fu alles getrich Ist vszgangen Ir gethon¬
543 2508 2153 2630 Esalmo. xviije. Ist aber Oomlichs bald nach treu
549 2599 2121 2776 zitten angefangen, Dieselbigen kundtschaft Ich
572 2699 2127 2853 Cesbliss, dann de Jeginal mit giltot, Oam Lu:
