2479 3508
23 1635 128 1822 will get
33 1979 113 2127 that I
27 2082 124 2201 welcher
21 2206 115 2333 nicht
31 2288 132 2381 to one in
25 2364 142 2488 In Fuder
334 913 447 1082 E90
157 2201 489 2364 #ann. viiii.
165 967 272 1123 7
2030 183 2183 291 254
950 206 1628 365 Die funfje Schlußredi
524 336 2175 501 So gnugsam gehort Ist, das kem ander opfor syn mag,
575 431 2158 571 weder christus, Auch weder Christus noch die Apo¬
577 513 2232 662 stel, den worts oder dings Masb, oder des des des nacht
559 587 2185 732 mal ein Opfer gre, fe gedacht haben, So Ist gronsz.
552 666 2084 785 das alle kundtschaft, die vss dem alten testament,
561 744 2086 890 harfur gezogen wirdt, nitt bewaren mag, das ein
565 818 2144 969 ander opfer 8ije, dann Christus, oder das Christus mer
550 909 2189 1037 dann eniost, vfgeopfot mogt werden, Des Spruchs:
573 981 2164 1173 hibb Canielis nu xij. zagen wie Inen an, das das
565 1076 2156 1235 selbig ainsig opfer, das liblich Iudisch opfor gewasen
559 1173 2086 1313 Ist, Im alten testament, Das erfindt sich erstlich,
557 1255 2082 1426 Danielis viiii. et xi. Mathei. xxiii. vnnd
505 1352 1610 1509 Luce. xxjo. volman lijsenn
958 1511 1569 1672 Egidius murer,
528 1647 2168 1884 Christus hat dese Othrift angezogen, Im heiligen
544 1781 2125 1956 fuangelio, vnd mag nitt allein verstanden weveen
559 1876 2098 2051 dem bijchstaben nach, von der ufhorning der Opfer der
544 1960 2133 2117 Juden, Ounders es mijsz ouch nach dem geistlich¬
561 2049 1993 2177 en gun verstanden werden, von der lesten zitt
559 2138 2162 2274 Das wil Ich bewaren durch den vorgenanten Cani¬
557 2218 2102 2348 elem # Ea für Bricht, das opfer wirdt vfhoren,
561 2296 2133 2428 vnd der gruwel der freidung, wirdt waren oder sin
538 2385 2084 2542 In tempel, vnd wirdt waren bis zu ende, wie hat
561 2480 2037 2632 heitter geredt Caniel, van den lesten zitten des
559 2564 2022 2713 Endschritts, vnd dann so sol wodet werden der
557 2651 2051 2805 tempel, Caruor vns gott behute, das wirs nitt
561 2735 1546 2915 an fachen, bij unseren zitten 19
