2479 3508
837 375 2254 577 ende paulus will aber hie sagen, der gerecht
814 538 2278 657 werd nit gericht, Das da on zweiffell war
850 624 2304 794 ist/ wie er an einem andern vat seit Dem
840 728 2269 915 gerechten ist kein ysatz gesptzt, vnnd redt hie
833 831 2318 1007 Paulus nuijt van der Christenlichen kirchen
825 930 2319 1106 Die der geistlich lijb des herren, ist Doch
831 1040 2269 1201 Lass ick das vallen, so much min her¬
833 1145 2323 1292 Doctor ermant Ich soll fruurenchen en puncten
842 1231 2280 1391 fur die hannd riemen, Ist mir Ich habs
1358 1333 2310 1468 Namlich van Dem gewallen
850 1348 1040 1507 than
831 1419 2331 1608 der christenlichen kilchen vnnd das die¬
872 1529 2331 1722 selbige in zwerung vnnd zwijtracht, belangend
857 1642 2333 1810 vnsern glauben zesprechen vnnd zevrtheillen
846 1742 2323 1899 hab. Das hat Is Christus gesagt, do er
857 1838 2323 2002 yereft hatt welcher die heillig Chri¬
880 1946 2308 2112 stenlich kilch int hort, der sij die als ein
867 2045 2314 2209 heid vmd ein offen sinder, von keiner heim¬
852 2155 2293 2310 licher verborgnen christenlichen kilchen ge¬
867 2260 2318 2424 Exedt. Dann Diesvllies ge nit sprechen
878 2366 2344 2497 vnnd vrtheillen In hanelen des glaubens
855 2441 2353 2603 kan, noch absundern, den Zertrenner Christen¬
865 2564 2297 2725 licher einigket. von der höre des hern
827 2652 2271 2829 Darumb piet Ick vch her Doctor, Sr
870 2753 2346 2925 wollend nochmals antwurt geben, vff min
