2479 3508
763 206 2319 437 sijnde. Hisruff min her Doctor vnss ent scheiden
658 365 2311 526 vns mitt der psthrifft, Das die wort int mitt¬
717 453 2265 629 tragen, oder nitt dar vereichet sijn, so sy lutend¬
1276 548 1812 703 Nicolampadius
767 594 2315 814 Off sin frag wijter zu antwurten vnde min mitt¬
730 732 2317 897 wurt gebe stangen, Da ick gesagt hab, Der her hae
740 833 2296 987 Inen den kelck gebenn, find ich es allso Obar
732 928 2329 1082 bij den Euan gelisten, Dan es stett also Er nam
713 1016 2218 1183 den kelck, es sert, nit er nam syn blutt, vnnd
711 1082 2321 1274 Dancke vnnd gab Inen vund sprach, trinckenne all
709 1200 2307 1383 Daruss, Das Darus kan Je mitt andersthoven hin
730 1313 2234 1470 gereffrist vnnd geeent werdenn. Dann vff
717 1395 2317 1544 das vergend wortt, Das der her een kelck geno¬
732 1492 2243 1616 men hart. Ich glove ouch een tzlichen het
705 1575 2131 1766 Beneucht sotz int die transsubstatation
1183 1682 1740 1843 verfarrer v. s. g.
649 1742 1764 1975 Ich belae much een miett
1245 1865 1779 2034 Ccobempadius
614 1940 2236 2156 Mitt den Bapsteer die da sprechen der
705 2076 2230 2247 her hab nit den substantz des oms darge¬
1156 2177 2245 2296 Wer Een nachvolgende wortt
629 2210 958 2315 so tucht
691 2263 2278 2414 Des herren Die erklaren Das dem pechor der
763 2368 2313 2519 Wostell verstentlich Das Inen vorthin stwas
715 2478 2311 2622 Dunckler bedupt wurde, von usthelling wegende
744 2552 2286 2713 des verdiensts des liden vnnsers herren Jesu
711 2645 2321 2812 Christi Ist Im vorthin gesagt, Das wir sollichs
719 2762 2257 2908 empfachen, int allein In empfachung der
738 2822 2315 3018 sacramenten, somnders ouch wie das Johannes
