2479 3508
376 409 609 646 6 m
691 294 2197 527 Das ampt der Dienstberkeit wie paulus zum
708 444 2228 613 Ephesern iiii cap: selbs vedt, Darumme schlusse
716 533 2195 710 Der pfarrer, noch int anders weder Das vor
710 634 2240 806 gnugsam Im verantwurtet ist. Andere gschrifft
705 726 2217 907 bring, er harfux die zum houpt Dienet, dan
726 821 2250 1018 so sin verstand, bestunde, so wurden so vill houpter
728 924 2248 1104 fe viel Dijthoff, so In einer kilcken, Dan pareus
703 1032 2250 1207 In sinem anzognen spruch zu dem thirten In Ephesen
720 1133 2166 1302 dern vill waren sollichs wort geredt hatt
1302 1253 2201 1469 Farrer von Oppentzele¬
1722 1423 2228 1571 Aels ter Berch¬
730 1413 1374 1606 nomen schriften
724 1499 2215 1684 toed anzoigt Das hem aunderer gewaelt sy dan
718 1637 2172 1828 Christi, oder gotes. Hab ick Im gester Inn,
751 1732 2191 1925 Der ersten beschlußred, gnugsamlichen bescheu
738 1853 2252 2020 geben/ wan echt bescheid will heleffen, In wel¬
714 1931 2209 2106 lichem Ich Ime vermitsamlich claplich anzogt
720 2036 2180 2191 haben den gewaelt des allmechtigen nots, sin
722 2125 2166 2306 gewaelt, sin barmhertzigkeit, sin glocx vnd Eer
738 2186 2258 2390 niemand vff extrick peben noch Im himele vnd
736 2320 2260 2493 soll ouch Ehem monsch mit reden (ob gott (will)
699 2390 2262 2598 Das keiner vff diser parthy vnnd ichs darfur
730 2524 2258 2711 hab, nu geredt hab, Ime Darnack anzoigt, einen
742 2618 2252 2738 verordneten gevollt, den er geben hat sinen vsser
710 2727 2236 2892 weelten lieben Jugern vnd soer den gewalt
763 2820 2246 2997 vorhin, huusamlich anzoigt, bi stadt hatt. Oviel
