2479 3508
363 275 597 486 4
333 467 591 648 6
1090 115 1796 299 Die fünfte Schlusred
653 258 2290 429 andren, Er hat sich selb. vfgeopfret, Ad Hebreos Vo.
657 371 2265 520 nitt die kilch, nitt die priester, zum dritten, Er
659 461 2327 614 hat ein ewig priesterthum, deshalb Er dehenies er¬
665 550 2299 717 seyens bedarft, zum vierden, Er erschint vor dem
657 635 2341 802 angesicht gottes, und vertrittet vns, Carumb wer¬
657 723 2324 887 den te fun nitt representatine, das Ist In widerstel:
663 812 2356 977 liger wisz, opfren, gun funften, Er hath vollen:
653 902 2288 1073 dat vnd volkomen gemacht, was Ist dann der Jegi¬
633 996 2322 1126 ten Priestern opfern anders, dann ein schmachen
653 1081 2265 1243 des Opfers Christi, zum Cächsziten, Er hat ein
665 1173 2318 1290 ewige erlösung erfunden, was Oelen wetten dann
663 1256 2318 1386 die Priester mitt den Massen verlosen, zum biben¬
657 1343 2303 1488 den, Es Ist auch de hein Opformer für die Ound¬
682 1444 2354 1597 War gesicht min nitt, das die Massen Ieg Im bruch¬
653 1540 2295 1687 Da man vich vermist, Christum gott dem vatter
667 1629 2177 1806 vfze optren, der 6thrift widrigt Ist, vnd dem
659 1721 2254 1904 Priesterthumb, Opfer, liden vnd sterben, om le¬
1085 1817 2205 1962 Das Oi aber der misbruchen brtb.
665 1842 1064 1996 streuig,
657 1909 2369 2090 een gruwel die vor gott, erfindt sich also, Alles
659 1994 2329 2160 das vsserthib dein Jusay Christi, In der Miss. Jong
659 2098 2367 2258 gebrucht, erfunden wirdt, das der Re gottes nachteillig,
657 2192 2282 2356 dem glouwen vnd der liebe widrig, Ist ein gruwel
663 2275 2318 2452 vor gott, zum ersten also, das der priester die Sa¬
648 2382 2322 2533 trament allein empfacht, vnd denen fes mitteillen
648 2465 2333 2649 golt, vber die achsselen bijtet, wider die that Christi,
648 2548 2239 2715 zum andern, Das christliche frijheit brochen
648 2651 2280 2796 wirdt, mitt der Cabben, kleiden Crurgen, Cere¬
638 2732 2322 2896 monien, personen, vnd zitten, Een Priestern nach
