2479 3508
783 178 2337 409 genomen, fur die vstheillung des heiligen geists
794 340 2354 505 wie erst ouch zum palacheern, am vi cap: brucht
608 432 2328 588 Der halben, es onch hie In der 1 Epi: zum Chorint¬
768 529 2318 708 am X cap: allso genomen wirtt, Dan was ge
788 603 2352 817 meinsame hatt der kelch mitt dem blutt christi
777 730 2294 912 Wir sprechen der kelch der Dancksagung
777 832 2298 1008 sije ein vf theillum des bluts Christi, vnd
747 924 2266 1115 die wyll hyb vnnd blut bij einanndern stede
723 1031 2318 1188 mag es nitt annders verstannden werdenn, den
687 1136 2273 1301 van beider vf theilung der nachvolgend textt
710 1228 2298 1408 Den wir vill sind ein brot vnnd ein leb Da
749 1320 2294 1500 rumb Das wir van hun brett vnnd voor hun
749 1427 2335 1573 Kelch theellhafftig sind, nimpt nichts Jeuen
1489 1511 2309 1691 wir bekennen den selven
762 1545 1074 1691 verstanden
770 1575 2328 1780 telt zevenstanden werden, von Dem geistlichen
747 1725 2268 1917 lijb welches ist die gemein pottes Paulus
777 1825 2275 1994 spricht aber nicht wir sienn das brott, das
721 1917 2260 2072 brochen wirt, oder das wir brechenn sunst
740 2022 2307 2196 brech vnnd eß die kilch sich selbst Darmis
732 2116 2292 2292 Der erst Spruch vom leb Christi v/ getheillt
749 2189 2337 2393 Im brott, Der amder van geistlichen verstanden
755 2318 1224 2485 muß over den
1243 2373 1924 2581 Ecolampadius
732 2444 2283 2684 Vnnser antwort hatt als t hamer mydt ab¬
734 2622 2226 2791 brochen, Divwijl wir klarlich dargethan
743 2720 2191 2863 haben. Das hie ein gemeinsthafft verstanden
713 2816 2251 2985 werden wel vnnd will es noch klarlicher
