2479 3508
201 612 292 792 4
226 792 351 979 40
1966 133 2092 305 78
1091 143 1671 353 Die erst Schlußwede
1141 303 1564 442 =vend niemand
633 332 2105 514 lichem wort, so ick zogen wider mich
637 473 2140 647 bewaren vnnd empflich mich allso Den¬
657 554 2138 726 pöckchen worten So ick zogen hab, von der
655 666 2173 834 heilligen gschrifft „omn einenn Jegklichen christen
651 776 1698 923 lichen läser fur min person¬
1215 958 1672 1147 Svinghij
676 1089 2063 1348 G. H. hab. Das Bispell niet anzogen
674 1292 2028 1470 Das ick Daruff Das pock'ck wortt
660 1377 2105 1555 grunden weeet, somders dem einfaetigen
664 1474 2144 1649 durch woll erkandts, ding, wie onch dem
657 1587 2066 1732 heilligen paulo gevollt zum Rhömern am
703 1676 2122 1823 Cap: In leitung geben, Das getlich wortt
664 1748 2146 1964 dester haler Zeeerstan Demnach so erkent
647 1842 2202 2053 Der pfarrer tot den herren Jesum Christum
682 1993 2117 2109 smen behallter vnne aller wellet, onch ein
655 2076 2204 2234 hompt sin/ Dis sind alle wert des pfarrers
637 2173 2153 2300 Als sy hie verstand; Ende by lob ick den
643 2281 2128 2437 get. Der Da verheissen hat wenn
657 2343 2146 2522 man In pitte So well er erhoren Das
657 2472 2128 2634 er vff den huetigen tag erhort hat, die
633 2565 2177 2713 frommen Obhriften zu Berim, Die Inn Jenz der
645 2659 2155 2833 tagen, so offt, engstlich gepaten haben die
637 2754 2144 2916 Vinstern hertzen zeerluchten, Das der
