2479 3508
184 2483 512 2631 # Regel oder
1275 150 1950 347 Die vj. Chlussred,
497 216 651 356 Een
1221 276 1866 428 Johannes bijchstab,
581 435 2230 647 Die Othrift durch mich Ingefurt, lass Ich bij den
598 566 1643 707 blossen text, nu alle glos, bliben,
1253 690 2303 885 Doctor Johannes Oncolampadius,
604 902 2252 1061 o bitten wir ein tecklichen christenlichen laser, das
559 979 2190 1166 Er die Christ mitt verstand lase, vnd war name,
581 1099 1513 1249 worauf die tropheten Reden
1183 1241 1853 1420 Johannes buchstab,
557 1401 2207 1585 Dir mochten noch haben kundtschafft vs Thobia
570 1528 2100 1690 Baruch, Nachabeorum, und April ipsi, &o last
576 1630 1253 1763 man es vns nitt zu¬
1153 1680 2273 1903 Gottor Johannes Oecolampadius
628 1935 2209 2132 Der thulmeister solt wussen, das die bucher, So
615 2033 2241 2232 bij der Wibel, zusamen gesagt sind, ein vnverstheid
589 2157 2245 2292 haben, vnd gine nitt glichs gewichts, fittich bucher
585 2230 2235 2385 zind darzu verordnet, wo man von dem glouben reden
572 2322 2153 2475 wil, das man zuguisz dorff anzuchen, wider die
570 2408 2292 2552 widersicher, die werden genant Canonici, Carumb
574 2494 2269 2629 das Oi vns sollen zijn, als ein # Richt schitt, In Packen
563 2573 2202 2706 des glaubens, vnd dero bijcher de heins, wirdt Inen
574 2665 2207 2837 abgeschlagen, Andere bücher werden gelasenn,
559 2766 2260 2933 darmus vas Si, entwaders gut exempel, oder ouch
