2479 3508
333 2666 663 2755 „ immen
1196 366 2196 553 Was die Cristenlichen kilcen
836 354 1117 574 schriffs
1570 503 2192 630 vnnd verstat aber
821 518 1375 626 angenomen hab
828 574 2202 701 hie durch die klech Das gemein con¬
828 663 2223 807 clium Dauch vnd gemeinen huffen, der
821 744 2259 898 getoufften, wellich offt gestrax, wider das
805 855 2231 1025 wort gottes gehändler haben, schwere Ir¬
824 953 2265 1081 thumb vnnd abgetherijen augenomen wie
834 1032 2192 1175 Das Im nachvolgenden arugkell Disor
840 1150 2256 1300 Disputation, mit dem halen wort gotes
1599 1242 2286 1406 W hat auch des
813 1242 1568 1387 bijbracht werden soll
797 1343 2231 1512 Concilium zu Costantz Jungst gehalten, allss
819 1429 2246 1578 ketzristh verdamnet, Das die Christen¬
1402 1520 1645 1593 das mir
813 1520 2182 1676 lich gemeind, sijd nun die verordneten
813 1618 2219 1772 zum ewigen laben. So doch sant paulus
813 1709 2258 1876 Nun aller verschrifft, zum Rheinern, am vii
796 1811 2240 1969 cap: geschriben hat welcher den her¬
801 1911 2236 2075 verordnet hat de hat er ouch berufft
774 2009 2229 2146 Fremin vnnd heilig gemacht Da ist nu
778 2109 2231 2267 klax, Das Des provinciels, klecke sich
792 2217 2258 2371 vermessen, hat, die hale wort gots alse¬
792 2313 2207 2460 thun Darumb int von vnuoren, sollich
794 2408 1895 2552 vrthell mencklich abzestrecken/
1999 2417 2207 2531 Sber
834 2496 2177 2674 off sollich Jurse van Oomken, will ich
745 2606 2290 2768 „ nemen antwort geben, man bringen her In was
805 2697 2252 2866 man well, Es sie dan gschrifft, die ge¬
811 2789 2306 2961 achtet werden, mochten, solchen Jochum be¬
