2479 3508
365 2877 509 3065 112
762 273 2296 497 Der verzug vunsers bruders erfreuwt vnns ser¬
752 414 2331 587 das er sich mitt wyter Inlassst, Die offt gedachten
746 522 2266 656 wortt, fur verheisstliche wortt des lyelichenn
766 634 2309 799 essens zebewaren, wellen Im ouch sollichen zuchti¬
746 732 1540 905 pen abzug gern zulassen
1233 935 1862 1106 Johannes buchstas
795 1072 2223 1257 Ich wirtt berucht, Das anzognen exten, van
784 1208 2205 1361 Droerley brott gesagt werden, zum ersten von
740 1302 2280 1455 dem himmell brott, Des sich die Juden berump¬
744 1394 2207 1530 ten Inen geben werden, sin, Spreckende vnnser
732 1485 2264 1624 Patter haben geessen humelbrot Inn der wußte ende
754 1575 2235 1705 Das ander brott Ist das wortt gottes als
750 1665 2229 1822 sich Christus bezugt van gott smem himelschen
727 1754 2247 1907 vatter, den Juden heben sin.  v er von dem
687 1844 2213 2003 o selbsten allso spricht, Moyses hatt vijch mitt geben,
717 1952 2237 2086 Das brott vom thinnell, aber min vatter, wtt vijf
1923 2034 2268 2144 Wann Das
740 2034 1657 2166 van huuell Das war brott
732 2099 2190 2247 ist Das waer brett, Das vom himull herab ist
732 2215 2186 2333 gesigen vnnd gul. Das lebenn der wellt ende
734 2305 2219 2465 das Dritt brott, ist, das war fleysten gots, Das
727 2406 2219 2553 Er sich hatt verheissen Zeheben allen glaubigenn
750 2494 2300 2639 (d'er allss spricht, Das brot das ick gebuwirt
744 2580 2260 2741 Ist min fleißen Also ist hiezum ersten gesagt
729 2710 2231 2798 von dem Das geben ist aelß Inn vergangnem
727 2773 2266 2936 von Dem Das er giptt, alls In gegen wurtigem
