2479 3508
21 679 128 798 Dr. Bln.
17 786 122 876 oor mnge
19 853 128 968 mein,
25 928 136 1052 Durchgeführte
25 1039 140 1115 + that wn
19 1098 119 1196 standen
31 1186 122 1291 offent
36 1267 130 1393 sind,
27 1383 124 1460 n 8vl. 1
29 1469 119 1544 Sof S
36 1609 128 1730 der bij
31 1716 126 1785 Arbeinter
23 1779 128 1896 de sunder
29 1867 147 1957 vnd van der
36 1944 132 2051 - In-
31 2036 140 2158 Ienheit
34 2152 136 2248 exwelt
25 2214 147 2325 am Comp
34 2309 140 2430 tiefe
29 2422 107 2529 hote
27 2604 142 2673 domment
31 2656 151 2786 ordenlichen
34 2755 128 2853 andren
245 859 385 999 V
212 976 331 1108 84
1917 172 2080 283 128
872 157 1601 325 Die ander Schlussred
541 270 2177 406 worden, durch Paulum, In Epistola ad Cornithios, wand
534 369 2183 499 In das Ich zij vch kome, In der Rüten etc. oder In dem geist
549 461 2135 603 der gutiteit, Mathei nu xviij. Der die kilchen nitt
559 543 2177 660 hort, der sol dir gin als ein heid, vnd als en ofner Jun:
553 624 2191 752 der oder zollner, vss dem volgot, das die heilig christen¬
561 706 2206 834 lich kilch, oder ein Jeder christonlicher mensch, gebunden Ist,
559 796 1804 936 der kilchen Datzungen vnd gebott zuhalten,
890 934 1483 1079 Martinus buijer
513 1096 2170 1228 Des Opruchs hebben Johannis mr. xvjc. Ich hab vijch noch
555 1167 2131 1305 vil zusagen u, Ist vorhin geandtwurt, Referier mich
553 1247 2129 1385 des an die Octav. Nun deren Oathuijgen halb aber, die
532 1316 2177 1477 Er harin bringt, als kilchen salzuijgt, van vnderstheid der
549 1416 2108 1519 tagen, und Opisen, Cagen wir, das Colche des tijfels
543 1502 2145 1651 Dazuug sine, lut die hatten Opruchs der i. ad Thimo.
549 1575 2233 1733 am. iiii. Nun aber das Er witter anzogen hat, den Spruch
553 1670 2189 1785 am v. ad Thimo. der 1. Epistel, Die in Runden, Straff
553 1756 2196 1862 vor Jederman, Oolchs fst ouch In vorganden andtwurten
564 1831 2116 1940 werflüssig erklärt, Namlich das nach der Ordnung
553 1909 2185 2030 Christi. Urtheiam. xviij. die Straff der christenlichen
547 1994 2185 2154 gemeind, ernstlich sol gehalten werden, uff den allem
555 2093 2166 2229 aber, Ist noch nitt bewart, das die wort christenlich ge¬
549 2156 2175 2284 meind, fin einigs gebottlin machen mog, was die gewus¬
561 2263 2091 2388 sen binden solle, vnd doch In gottlichem woot, nitt
547 2338 2116 2483 klwen grund habe, Solicks Ist hutt vnd gestern, zu
543 2426 1898 2524 meren malen verandtwurt, lut der acta,
911 2548 1402 2700 Alexius grad,
559 2688 2191 2858 Das der Opruch Johannis am xvjc. Ich hab vijch noch vil
568 2797 2137 2952 zusagen is, gnugsamtlich verandtwurt sije, das
