2479 3508
1236 99 1952 291 Die vij. Oblussere,
642 265 2254 425 Das fürbitt der vserwelten heiligen Im. hunel.
653 379 2283 493 wil Ich bewaren vss dem Propheten Jeremia, my
638 461 2218 613 L. xv. da fr Opricht, wann Moyses und Samuel, vor
653 546 2346 661 mir stunden, So Ist min Och nitt gegen dem volck¬
611 630 2231 792 Hie Ist offenbar, das der trophet foremias, hat
655 718 2266 870 geredt van den abgestorbenen Im. himel, dann zu der
647 807 1925 975 zitt, Omd Si langost gestorben gesin¬
1222 927 2110 1116 Meister D'Erich zwingli,
634 1053 2247 1325 Ich frag ich, Ob Noijses vnd Ommel, vor der zu:
615 1243 2275 1434 kunft Christi, Jm. himel gewesen sijen, oder nitt
1278 1386 1891 1557 gidius Murer
712 1586 1129 1771 prich nein
1245 1679 2121 1868 Meister Vlrich zwingli¬
636 1915 1704 2089 So Ist vijver argument nút 1
1281 2068 1883 2258 Egidius muwer,
621 2249 2237 2469 Gott het anzougt In diserm Opruch, das die afge¬
668 2401 2258 2542 storbnen, wel für uns bitten mogen, Cam was
668 2498 2304 2616 wolt Er Opvachen, wann Moijses vnd Samuel vor
663 2580 2289 2715 mir Aanden, wann es Inen nitt hette mogen zuge¬
682 2715 2216 2820 legt werden zubitten, Als das ware ein unge¬
680 2768 2241 2932 schicffe red, wann man Sprache, w Onum vande
