2479 3508
21 774 127 899 en peu
23 884 129 952 en teil
25 939 138 1062 tiefen, d
11 1143 144 1274 en perth
30 1240 148 1338 hiern
28 1314 125 1435 ingen
25 1605 129 1685 canton
25 1785 136 1876 werden,
1876 163 2061 301 123
736 161 1439 324 Die ander Schlusred
456 288 1980 407 end, fo bijchen ouch, wie sich die, soo die wtickel
462 399 2044 547 fur gut te kennen, So teuwlich zusamen haltenn,
456 475 2014 608 darumb bitt vnd Erman Ich vch abermals vmb
466 562 2050 704 gots willen, Ir die wider sprecher, wellende ich ouch
454 628 2114 820 zusamen thun, finandien trostlich sin, mitt helft,
454 723 1997 867 lat, Schriben vnd reden, das werden unser gnadig
454 820 2086 971 herren, zum hochsten wel vergut, vnd als ein gna:
449 912 2097 1075 dig wolgevallen, mitt grosser danckbarkeit annam:
454 982 2022 1132 men, doch das das allweg beschaehe, nach Ordnung
454 1073 2012 1211 Innhalt vnd anwisen, des christenlichen darumb
456 1174 1185 1323 angesachuen Mandats
782 1278 1849 1456 Alexius grad, wicht patter In der
812 1395 1586 1533 Insil, Prediger Ordens
386 1529 2092 1681 In duiem namen her Jesu christe, tesamen wijsen
411 1647 2033 1777 gunstigen lieben herren, die ander Othlusstred,
430 1738 2031 1885 fort ettlich zitt disputiert, die hebbeg het nach minem
447 1821 2018 1957 verstand, zwen teil, Der erst, Die kilch Christi
447 1912 2069 2054 machet nitt geseyt noch statuten, ave das gottes
424 1999 2071 2143 wort, Eisen teil hilt ich fur war, Een indern
435 2092 2067 2207 teil, der da lutet, das darus volgte vnd beschäche das
456 2175 2071 2328 alle menschlich Cachungen, die von uns, der kilchen
445 2254 1984 2417 gebott genant sind, unser constientz nitt anders
452 2294 2084 2485 binden, denn als vil Si Im gotswort gegrundt sind
460 2451 2082 2580 oder gebotten, denselben gib Ich ouch zu, in rechtem
447 2508 2078 2658 gesunden verstand, Eenselben verstand Recht zu¬
458 2597 2092 2760 suchen, Ootten wir Jan In die Ihrift, Nun dat
460 2686 2065 2843 Johannis m. xvjc. Ich hab ich noch vil zusigen, Ir
441 2779 2078 2930 mogens aber feij, nitt tragen, wann aber der geist
