2479 3508
19 2103 116 2227 ende
13 2219 116 2332 Pieter
15 2458 109 2652 ell
23 2635 118 2746 sint
300 1809 567 2021 Dima
187 2334 343 2450 cours and
130 2423 527 2543 vnd ist böliches ort
147 2492 330 2612 verlesing
2061 242 2166 359 62
971 195 1559 374 Die erst Schlusred
580 330 2269 576 Dörfft, Sobechs hab ick heben fromen Christen
567 494 2219 645 Wellen zu antwurt geben, vff die Jureden des
618 599 2215 765 prommals abgetriben den halen spruch der
618 681 2244 843 perstenen Das ist ein Jeder Christ, soll, alles richten
607 782 2234 941 Ingefurt hatt, bezugt mich aber, das ick solicher
609 922 2206 1023 komen mer verantwurten will bringt er
620 967 2215 1130 geschrifft, So findt er antwurt, bringt er eigen
614 1057 2215 1236 rede, So findt er sulshoegen, Damit aber vorer
614 1170 2221 1341 lieb, nach dem Dampff menschlicher reden
893 1265 1046 1326 wider
607 1275 2175 1431 Sre hertzen „ In dem liecht götlicher warheit
611 1378 2248 1532 erlustigen moge, So will Ich das gemeldet
624 1469 2211 1643 ort, pauli, zum Corunchern, s ij cap: viven leb
603 1576 2223 1748 verläsen vernemens aber mit vlijss dan der
618 1670 2160 1830 hafft Doran lijt, vnd sturtzen, en is, in als vmb
626 1752 2179 1912 nit allein die Jurid Des promuciaes Sonders
609 1864 2158 2026 allen vermeinten gevallt Des Bapsts vnd de
593 1952 2154 2126 Concilium, In fursthabring der artigklen des
618 2049 2202 2221 glaubens, So sy een abend der ysthrifft, dem
611 2162 2143 2301 Christen volck, zu glauben vff gestrochen haben,
1904 2267 2198 2358 Das
603 2265 1874 2404 Das vatt wellen wir hie anfachen
1935 2368 2194 2465 Mijn
597 2347 1900 2519 kein ong gesecken hatt ende Ist gelesen
607 2442 2198 2612 ist Is Das vrtheill der warheit hier In klar¬
601 2553 2274 2736 lichen aelen geistlichen Das ist Christen Cmerckens
1105 2656 2196 2809 Denn over den geist Christi
597 2679 853 2809 (voel:)
620 2748 2185 2944 Int hatt, Ist mit sin zu gesteellet vnd keinem
