2479 3508
2005 151 2120 236 307
1181 153 1905 348 Die viiii. Schlusvredi
573 304 2123 486 lasten wir das alter gunt bliben, Doueve man das
583 416 2092 573 alter verstat, den ernst, trouw, vnd Riffe der gett:
583 499 2243 674 forcht vnd sitten, Amst Ist das Wistumb nitt
594 612 2191 751 an das alter gebunden, wellen hiebij gar mijnt fur¬
583 674 2160 794 mündet haben, fräfner Jugend, Eis zu den sel:
585 768 2135 925 ben zitten nitt gelert Junge gewasen sijen, zeigt
583 844 2116 981 vns an, Oam der Schulmeister vermeine, man
577 941 2160 1059 musste min Junge, zu Gisthoffen machen, wie
583 1026 2160 1175 bisshar mitt den staffen gebrucht, Is Ist aber
583 1096 2230 1254 zu derselben zitt, als man In allen geschichten findt
583 1208 2152 1382 grossere ler vnd wussen gewesen, bij fungen vnd
592 1295 2209 1452 halten Gisthoffen, weder widerhar te, Dis der 1a
567 1378 2164 1547 Gisthoffen liecht luchten solle vor den mentsthen,
573 1494 2129 1655 Erkennen wir, Cas die Jungen des liechts ringer
583 1564 2170 1711 verfaelen weder die alten, lassen wir aber nach, Cas
579 1663 2166 1818 dient aber nitt, das der Bisthoff darumb, mitt volle
577 1771 2083 1889 een wil haben, Ounder Er zie fruijt oder ult,
575 1854 2209 1988 So fr die wisthofflichen Pitten, oder gaben het, nog
577 1947 2129 2104 Er dargi erwelt werden, hierum aber Othirmt
583 2023 2170 2162 den Wisthoff, Er sijn Jung oder alt, vor allem arg:
588 2127 2209 2257 won, ein eijgen wil haben, So lassen vns nitt winn:
573 2201 2211 2358 tter sin weder gott, vnd oder die Re den Gusthof¬
581 2300 2185 2468 ten erloubt, bindt die niemand an, te verbie¬
561 2400 2125 2542 ten zije vsz. dem gwalt der tijflen, doch allein als
561 2495 2096 2636 die Marcioniten und Tananiten verbotten haben
552 2586 2176 2733 Otertet wider den Opruch Pauli, prima ad Ehmo¬
559 2673 2189 2832 themm. iiii.o Oann Paulus daselbs vstrucken lich
567 2770 2162 2898 redt, is werden In nachkomenden zitten, Ettlich
881 3300 1450 3436 Dans des
1651 3349 1798 3442 Votre beaucoup
