2479 3508
437 2186 522 2398 27
1059 114 2271 325 die vrend schlußerende 193 24
592 293 2195 496 eins Jegklichen gluckgen zum Romern am 1 car:
585 389 2332 577 gewiss ist. Das vnser plant zune vnnd cvesserung
607 513 2337 681 nudtz ist. Aber pott der da sijt, das wachssen
583 598 2332 732 vnd die krafft, Nun werden Durch die predigen
607 701 2265 836 vnnd verkundung des worts, int all zu hörer salig
583 786 2289 952 Wer die zij Denen Das wert, geschickt ist, Esaien
579 922 2241 1053 am lv cap. bij denen wirt es frucht bringen
555 981 2203 1140 wie der wyt dasselbige mit mer worten, erklärtt
594 1092 2232 1251 dan gelem die verordneten zu dem ewigen lebenn
531 1146 2289 1291 haben, Das wort gottes glaubt, In den geschichten der
594 1273 2280 1448 post: am xiii cap. ander Jntrag, lassz ich derzmael
579 1398 821 1498 bliben
1188 1415 1590 1583 A. Wingli
694 1496 2232 1701 Das gott alles halbte Das en verhuijsse bedarff
561 1590 2232 1806 by vns keiner kundtschafft, der span ist ouch int
577 1719 2249 1902 darumb sonder das sy gesagt haben, Das Vsser¬
568 1832 2236 1959 lich wert bringe mit Im Das es bedutet oder wa¬
563 1924 2221 2077 heisset, Da sich aber das wider spillen, finden wirtt
570 2022 2282 2188 pott spricht zu Obracham selbst, opffer mir dinen
561 2120 2197 2278 Nun vff vff dem berg een ick Dir anzeigen
563 2212 2243 2369 wirtt Also luttet, das vsser wort gottes soelte
559 2302 2219 2461 min by dem ossern wortt, das gesz. hochen Das
559 2387 2265 2564 Ses bedurtt, so wer der Kun brachams vffgeopffert
550 2496 2265 2645 von stunden, vnnd die wort geredt worden, Das aber
548 2586 2221 2765 int ist. Janser her Christus Jesus begeert
1895 2693 2158 2828 wer¬
535 2679 1871 2845 Das er enthebt wurde von dem lieen
552 2793 2232 2944 by dem Vssern wortt ist die thatt int gewesen
