2479 3508
23 773 118 888 entbinden
1926 175 2059 267 62
977 139 1530 349 Die erst schluftrende
526 320 2029 552 hem offnen spruch vss. Dem onangelio ollen
535 465 2065 653 schrifft, der Das anzeigt, Das, das die mey¬
528 554 2179 754 tinnen Christi sich gsin allen Zegeben die schlussel
1855 669 2105 810 Dann
554 682 1695 844 So will ich abstan des puncten¬
535 768 2187 970 wir finden des glicken souch mex Im Enangelio
533 867 2082 1042 Das Christus die Junger gefragt het Oels
556 962 2088 1145 da, wo wend wir brot kouffen, Das wir
566 1057 2145 1271 die vill spesen Johanus van cap: Da antwurt
560 1164 2084 1389 p'herpens vnd int petrus. Es het ouch ein
566 1278 2196 1476 gute gestallt, Das so petrus der hetziger ist ge¬
568 1391 2170 1558 wesen, vnder Inen allen zwelffboten vsz. truw
573 1501 2113 1686 vnnd hitz vnnd gechi, fur sich selbst heiss ge¬
1194 1568 2185 1743 wiewoll es ist. Das die
562 1640 956 1798 antwurckt
573 1701 2164 1897 anndern Junger vnnd zwolffpoten, Die antwort
573 1819 2071 1989 petri ouch angenomen hend vnd lan beliben
1166 1941 1779 2196 Berchtoldus
741 2149 2141 2358 3 istus hat peuw die scaccussell ver¬
575 2276 2097 2438 heissen Dan er vest Im glouwen vnnd ein
581 2391 2179 2585 welser was, Das aber er In dem namen
583 2501 2168 2686 aller Junger, geantwurt hab, zoigt der wyt
579 2543 2208 2781 klar an, an der frag des herren, Oven sagend
592 2690 2244 2894 In der Ich sy, Da hat petrus In Ir aeler
589 2804 2278 2943 namen geantwurt, wie ouch besthechen Johannes
