2479 3508
18 845 139 956 tot dit
20 1002 137 1129 de vous
18 1111 149 1210 uijt het soude
34 1187 151 1308 das Ge¬
298 1000 499 1187 (Hima)
340 1143 533 1352 178
2081 165 2244 244 244
871 207 1574 362 Die funfte Ablussredi
574 328 2151 501 weder siuen tod, anzeigen, das reden ende vnd ernordren
592 449 1858 588 wir Ei, das E. darumb Schrift bringenn,
964 537 1511 727 Tgidius murer
582 682 2155 902 Darmub Ist es notwendig, das Welthisedech, mitt dem
586 843 2206 960 tod, Christo nitt verglichot magt werden, vnd sittenmal
584 922 2169 1063 Christus Ist ein priester, nach der Ordnung welchise:
586 1006 2115 1159 dech, vnd es nitt mag ginder tod, So bitten wir min
578 1075 2131 1232 herren der widerparthij, das Oi vns namen vsß der
584 1163 2107 1324 Ochrift, was opfer Melchisedech vfgeopfrot habe, das
584 1268 1304 1393 ewencklich sol waer enn 1
916 1369 1707 1542 Meister Vlrich Zwingli,
564 1580 2159 1751 Is Ist gnug annoigt, das die vorbildung des alten Te:
566 1674 2176 1849 staments, nitt vsserlicken In alle muß, muss Im mijwen
590 1747 2145 1934 voor getruckt wevden, over eber es waren nitt vmbre, das
590 1823 2099 1982 Ist Entwerffungen und bedutnussen, Qunders die
578 1888 2161 2061 that vntbs, welichs wir an Melchisedoch gulden, So Er
590 1998 2186 2182 ein priester des hochsten gets. Ist gewesen, vnd vsserliche
598 2085 2153 2260 opter vffgeopfrot hat, dann fr darumb ein Priester was,
602 2174 2077 2341 von opfern, Ist damitt beducot, das Christus Sich
596 2256 2101 2423 selbs hat vfgropfrot, gebreorum vijo. Dann wo
590 2328 2149 2508 Melchisedech muste Christo In all wag v/ getruckt
572 2435 2163 2610 glich zin, So muste fo, von einer Junckfrowen geboren
610 2514 2198 2671 sin, Ein Ann gottes sin gekruggot zijn is, To min
594 2586 2133 2737 das nitt, So Cachen wir offenlich, das ging wasen,
590 2669 2180 2840 nun een vorbild gewesen Ist, In vsserlicken din¬
578 2767 2121 2942 gen, die aber Christus mitt ende selbst erfult hat,
