2479 3508
6 843 104 958 xvn
16 1119 100 1236 Ihn
27 1539 110 1633 thuam
16 2685 102 2855 Jann
137 307 413 534 apre
160 489 299 659 52
1125 135 1430 260 Sluproe
786 131 1070 233 Ao 4
1919 149 2020 231 211
512 235 2081 422 vnnd welle Inen allso sagenn, welcher Inn ein
559 370 2157 520 götzen male erscheint, Der darff sich der con¬
563 464 2118 620 soents halb, mutzit zeer Innern, Ho nun vnder
532 550 2151 716 wch sind, die das nachtmall Christi, mitt stte was
512 634 2101 798 ongesthickte beladen, So sicht man woll das er
567 704 2210 906 eben an consentz vnnd ann er zuurung zu dem
563 843 2138 956 mael komen, wie er onch Inn den potzen melen
575 906 2218 1048 erschmen vnnd verachten, den toe vande de gemeinde
569 1021 2126 1199 Christi vnnd habennd sy allso mitt den wortenn
579 1148 1056 1258 mitzit bewortt
1087 1175 1660 1346 pfarrer v. s. g.
602 1265 2153 1430 im Lange erklärung so meister Vlrich hatt
589 1367 2083 1535 Ingefurt wer vnsers zugefurten spruch wie
577 1469 2187 1600 vorangezeigt lassen, wir den verstand, but smer¬
544 1547 2112 1692 Tworten, Dem lasenden erkennen vff das ein
540 1635 2157 1797 Ihn klucher sins sinus gewijss, sy Roma: Diiijo.
589 1709 2189 1866 das er aber vermeint Paulus neme, es brott, Da¬
567 1819 2194 2009 vumb sye es brott, Ist gewuss, das ein bruch
589 1923 2167 2073 Der gschrifft ist, das mermals ein ding den
581 2024 2153 2151 namen behallt Darnsz es gemacht wirtt als
624 2116 2132 2243 der Monssz. wirtt geheissen erach Diewijl
571 2208 2147 2370 en vss. extrick gestalltet ist. generis ii cap: Ouch
565 2302 2192 2472 der schiam Moysi hatt behalten den namen
1340 2390 2189 2564 der text allso spricht
567 2406 949 2527 Der ruten
982 2492 2163 2646 Naraoms hatt verschluckt, Die
548 2507 898 2625 Die xiij
559 2589 2198 2744 Ruren der jonberer, Darumb die nampsung
589 2679 2196 2828 durch Meister Vlrich Ingefurt int sonders pro¬
514 2785 788 2922 birntt
1267 2781 2196 2945 Derglichen onch wir habenn
1905 2885 2003 2988 27
