2479 3508
1111 128 2137 296 Die ander Artickel Schlußred
1096 261 1748 437 Martinus buijer
784 401 2338 621 Der Ochulmeister fragt, Ciewil wir vermeinen
705 544 2278 703 Allein der Wittisthen Schrift zu glauben bin¬
732 637 2311 801 wo wir grunden wellen, vnd mitt vs getruckter
724 716 2319 869 Othrift bewaren, dry Articul des heiligen kristen¬
726 805 2331 952 lichen glaubens, Een Ersten, Der here Ist w:
720 902 2323 1065 gestigen zu den hebben, denselben bewaren wir
728 991 2346 1150 mitt dem, das Omt Peter anzogen hat Actorum. ij
732 1090 2313 1254 Oann Om Sel Ist nitt In der hell gelassen u
714 1181 2300 1336 Item In der Ersten Epistel Sant Peters am. iij.
712 1262 2290 1413 In demselbigen Ist fr ouch hingangen, vnd hat
714 1357 2342 1512 gepredigt den geisten In der gefancknis, Oomme
726 1438 2286 1585 teibt Er Einen wtickel des gloubens, In zwen¬
714 1527 2338 1669 Ich gloub ein christenliche gemein, gemeinsthaft der
728 1616 2350 1740 heiligen, Ist sich aber zu verwunden, worumb fe
728 1696 2269 1852 vmb disen Artickel, Othrift begart, Oo doch die
720 1783 2356 1943 Schrift, Colichen allenthalben mijongt, Als Mathe¬
714 1870 2278 2025 am xvjc. vff den felsen, wird Ich min kilchen
720 1953 2342 2102 buwen, uz. Mathei am lesten, Ich wil bij vch Pin¬
699 2046 2292 2201 biss zu End der welt, Ad Ephesios. i. iiii. v.
708 2114 2271 2292 Da die kolch fin lib des herren anzongt wirdt
716 2214 2334 2400 So Ist In vorganden andtwurten, gnugsam an¬
699 2294 2344 2489 zoigt, Das die kriffenlich kilch, die gemeinen Ohri¬
732 2412 2284 2574 ten omd. das Ist heeligen, wie van Paulus
699 2501 2358 2669 all enthalben, Christen vnd heiligen feür eing nimpt
687 2596 2336 2743 die haben min gemeinsthaft in einem gott, einem
693 2691 2340 2836 Christo, einem geist, u wie min bruder Gerch:
679 2774 2317 2938 told, Im anfang der disputation, vijberflijssig an¬
689 2871 1034 3020 goigt hat,
