2479 3508
750 308 2243 514 Daruss nun erlerust wirt lieber gester
750 443 2243 590 milus Das hie petrus min widerpracht
756 541 2312 711 wirt zu den eeren vnnd rum, Des Oposto¬
269 627 728 754 # vnd nit zin ein
775 635 2261 828 lats, oder werden aller Jungern ist Als
355 726 728 810 heupt gemacht
355 763 1252 916 Welches apostaleus gnuen gehort
1913 828 2062 953 Arw
1330 875 1738 1105 Senger
750 953 2304 1259 Alß Maßer verich zwingen meint Erst¬
787 1230 2281 1386 telt Johannes Elz, spesz mits schäfflen nach
781 1324 2279 1435 der meijnung augustus diens dahin, als
816 1418 2261 1580 petrus Drijmall verleugnet hat, by abe
789 1511 2255 1687 In da Drijmael wider verzeegen, vnd int
787 1623 2292 1792 dahin, Das christus Im da die schlussel
789 1722 2255 1900 so Christus Im verheissen hat, perro geben
810 1851 2296 2005 hem. Ich sprich aber, das die pxt. den
787 1947 2300 2128 heiligen gschrifft meingen grund vnd verstand
777 2056 2349 2243 haben, vnd sinnen ^ Carumb ick Augustine
789 2171 2224 2343 noch hie int wier sprich, Die wijll
795 2265 2265 2437 aber Christus petrum hie erkent, offen lich¬
789 2357 2257 2540 fur einen hirten Ist woll zeverstan, Das
787 2464 2222 2648 er Im ouch hie den gevallen des huwim
799 2569 2228 2753 geben hat zu werden zu straffen, zu bundenn
806 2665 2206 2821 ende entbinden, Dan een hirten gehoort zu
795 2751 2331 2940 een hirten stecken Das ist gewalt voor de schaf
