2479 3508
1123 127 1267 293 dam,
776 145 2333 385 Dan an ersten, opt Da er spricht, Das brot
1690 307 1915 395 & morn
714 305 2331 460 das orie brechen, sie die grad Des lichnams
798 399 2290 561 Christi, zoigt vnns gnug an Durch die
722 479 2310 657 versachlichen rede, die von stund an, hernach
759 569 2310 700 welget; Das er von Dem Brot radt das
728 661 2343 800 wir brechen, Das er wer dannechin spricht,
743 753 2343 890 Das wir, so dasselbige brot, mit einanderen brochen
767 847 2333 997 sind die gemeind des lichnams Christi Das
761 947 2337 1115 ist ein lyebliche der tropen, Das er dar¬
753 1052 2304 1222 nach spricht ein brot vnnd ein lichnam,
1312 1140 2345 1299 wir die minge, In den worten
782 1164 909 1326 sind
745 1238 2318 1396 kerkennen ich woll, Das er die kirchen, Das
745 1336 2292 1522 brott rempt, er spillt aber daruff, das sy
657 1416 2300 1627 Des osserij sacramentlichen bret hale. Das
753 1553 2302 1705 Die kilch mit einanndern thallt, ein brott
1621 1617 2322 1776 So er von stunden
612 1651 1531 1790 Vnnd ein lichnam sys
726 1741 2284 1913 Jan spricht vnnd vrsach geptt. Warumb
739 1817 2316 2026 ex ouwen die kilchen ein brott vnnd ein lich¬
735 1944 2304 2095 nam genempt hege Dann wir all mit¬
739 2048 2304 2218 ein andern theilhafft sind von einem brott, hie
753 2124 2329 2318 Ist aber ein ander pro sapodosis. Das is ein
718 2237 2280 2404 Ersach Inn dem worth, da er sprichtt
741 2339 2277 2505 Dann welches ein Vrsach gijt, warumb
741 2433 2351 2599 voorss. genampt habe, ein brott vnnd einen lichnam
786 2505 2304 2701 gedoch so wirt hie des lichuams Christi
765 2627 2322 2812 int lyblich gedacht, Aber des wirt
737 2732 2339 2900 gedacht In einen Sum Das wir die meeste
735 2799 2335 3020 Das ist Die Christenlich gemeind, ein gemeine
