2479 3508
20 1136 110 1290 pfir
22 1451 112 1601 recevoir
221 1954 351 2109 46
186 2080 326 2268 64
910 154 1539 333 die erst shlus reden
521 264 2160 467 ander houpt der klchen gebend vnnd wellen Doch
534 420 2124 608 gesechen sin, allß die so die eer gottes euch
552 532 2142 671 suchenn, Hab ick hieruber, int dem Zeuger
499 615 2158 805 zu schmach sonders der Warheit zu gut Das
521 738 1666 906 vertheill der christen angerufft
1098 861 1420 1009 Senger
1275 968 1378 1060 24
492 964 2230 1181 Der spruchen hals van mir anzogen vsss der gstschrifft
532 1129 2189 1288 der oberkeit halb, hat her vrochtold mir ge¬
543 1194 2209 1375 autoruet sy dienen allem vff die welckich ober¬
548 1288 2225 1483 keit/ mein ich nem/ dan paulus, zum Hebbe¬
534 1400 2145 1583 am lesten cap: gar heuen von den furgesetzen
546 1501 2120 1637 pedt die das wort gotes verkunden, auch den
561 1606 2120 1782 spruch In den geschichten der xii 6: xx cap:
557 1726 2158 1878 Durch mich anzogen, Harumb lassen ick mich
528 1823 1615 2001 vff den christenlichen läser¬
975 1930 1498 2091 Eerchtoldus
543 2053 2209 2245 Alle In gefurte gsthrifft, Sagen nun von Dienen
528 2187 2149 2328 Der gemeinde gots, wie vss. vill schrifften, min offt
548 2279 2268 2438 bevaret, wie dan onch Bischoff Das ist wechter
557 2379 2176 2520 sind Die die klch mit dem overt gars regeren
543 2471 2209 2632 sollen, das ist werden dan in der geschichten der
548 2587 1507 2737 xii 6: px cap: stat, comereijs.
1885 2592 2183 2733 Jormus
555 2690 2256 2880 volger uit Christus / wint ein Bischoff genant
485 2795 2283 2947 vnnd ouch der klchen diener, Dorinus mogent
