2479 3508
289 1031 452 1237 to
131 1531 420 1704 sollichem
1908 139 2032 255 219
965 129 1659 298 Die viere Sluszwe
487 255 2206 442 Dann alls er naturlich geperen, vnnd gelebet hatt, Durch
489 403 2114 551 Meister Vlrich. Luce am andern cap: angezogenn
532 487 2174 632 Allso derglichen hatt er will wirnatuerliche dinge
536 602 2208 740 Im leb gewurcket vss. göttlicher krafft vnd macht
534 703 2187 862 alls da ist die geschicht der vnßtheilung der
540 797 2178 980 funff brotten In die funff thunter Monschen
534 900 2249 1085 aus das so werbeleven, Dann wie wir uss. ordnung
549 1014 2210 1175 gottes vnnd der natur, mit vnsern ongen die
557 1100 2219 1278 vils der mousthen mogen sichen, vnd mir ein
540 1213 2234 1370 oug ijt oder zwey, ein wort In vilen oxen gehort
542 1310 2219 1481 allso so wir betrachten, den so sollichs radett, vnd
562 1408 2255 1591 die wijl es vor der hunelfart beschechen ist soll
495 1511 2103 1694 Das wort er ist vffgefaren, uit entgegen sin
1018 1634 1659 1844 Martinus Buur
523 1749 2182 1955 Das wir die arngkell des glaubens vor erzellet
547 1899 2157 2073 anziechen Damit zu bewaren. Das der
530 2015 2223 2187 lijb Christi int moge leblich Im brott ge¬
547 2114 2202 2300 essen werdenn hatt vns ouch paulus in
577 2221 2260 2416 Der ersten zijn Chorinchern N 2/3 am vi cap:
547 2335 2163 2493 zijn Chornech: Vrsach gegeben, Ja er eben
1565 2410 2253 2577 ende sagt, das wir
562 2435 1366 2577 vom nachtmall vedt
568 2504 2255 2690 sin toe verkundigen, biss das er kome vnnde het
553 2611 2247 2757 Da glich woll gewusst, wie er allenthalben sin
555 2733 2214 2877 kan. Auch wie er Im nachtmall gegen
534 2810 2182 2988 Virtel. gehapt, wirt over In kurtzen so
