<?xml version="1.0" encoding="UTF-8" standalone="yes"?>
<PcGts xmlns="http://schema.primaresearch.org/PAGE/gts/pagecontent/2013-07-15">
    <Metadata>
        <Creator>prov=READ-COOP:name=TrHtr:version=2.41.0:model_id=51170:date=09_03_2026_17:23</Creator>
        <Created>2026-01-27T10:33:54.049+01:00</Created>
        <LastChange>2026-03-09T17:23:43.093+01:00</LastChange>
        <TranskribusMetadata docId="13922579" pageId="112790035" pageNr="195" status="IN_PROGRESS" userId="537" imgUrl="https://files.transkribus.eu/Get?fileType=view&amp;id=TRPNFEZBNRGKALARXRUAUTXW" imageId="95349145"/>
    </Metadata>
    <Page imageFilename="112790035.jpg" imageWidth="2479" imageHeight="3508">
        <TextRegion orientation="0.0" id="tr_1">
            <Coords points="680,424 680,2943 2307,2943 2307,424"/>
            <TextLine id="tr_1_tl_1" custom="readingOrder {index:1;}">
                <Coords points="757,495 920,521 1071,476 1503,538 1597,474 1810,534 2143,484 2244,528 2264,363 2090,357 2007,427 1835,339 1658,388 1513,300 1277,314 1232,361 1094,320 987,423 872,429 755,365"/>
                <Baseline points="767,468 842,468 917,468 992,468 1067,468 1142,472 1217,474 1292,474 1367,474 1442,477 1518,475 1593,473 1668,471 1743,473 1818,475 1893,480 1968,483 2043,486 2118,490 2193,495 2269,501"/>
                <TextEquiv>
                    <Unicode>Junger Des hern Ihesen Christi, habend den</Unicode>
                </TextEquiv>
            </TextLine>
            <TextLine id="tr_1_tl_2" custom="readingOrder {index:2;}">
                <Coords points="762,577 844,577 938,644 998,583 1028,612 1131,589 1193,614 1505,587 1505,503 1457,540 1414,517 1096,532 1030,528 975,480 887,544 831,517 762,530"/>
                <Baseline points="773,576 809,574 846,570 883,570 920,570 957,570 994,569 1030,567 1067,567 1104,570 1141,570 1178,570 1215,570 1252,570 1288,570 1325,570 1362,570 1399,570 1436,570 1473,569 1510,567"/>
                <TextEquiv>
                    <Unicode>empfangnen gewaelt</Unicode>
                </TextEquiv>
            </TextLine>
            <TextLine id="tr_1_tl_3" custom="readingOrder {index:3;}">
                <Coords points="1794,577 1870,612 1987,597 2022,624 2120,610 2225,645 2242,624 2276,632 2268,517 2207,542 2141,484 2090,523 2012,503 1985,530 1890,507 1790,532"/>
                <Baseline points="1803,564 1829,566 1855,567 1882,569 1908,571 1934,573 1961,576 1987,579 2013,581 2040,582 2066,582 2092,582 2119,582 2145,582 2171,583 2198,587 2224,589 2250,591 2277,591"/>
                <TextEquiv>
                    <Unicode>volget Je darust</Unicode>
                </TextEquiv>
            </TextLine>
            <TextLine id="tr_1_tl_4" custom="readingOrder {index:4;}">
                <Coords points="759,718 817,692 893,747 1032,677 1330,682 1371,722 1564,677 1767,755 1966,684 2108,727 2272,704 2270,642 1985,597 1884,628 1769,564 1679,634 1511,644 1363,599 1039,626 998,585 936,644 757,577"/>
                <Baseline points="767,680 842,677 917,673 993,671 1068,673 1143,674 1219,674 1294,672 1369,674 1445,674 1520,674 1595,675 1671,676 1746,674 1821,674 1897,675 1972,677 2047,679 2123,680 2198,680 2274,686"/>
                <TextEquiv>
                    <Unicode>das sy ouch houpter mogend sin participatius</Unicode>
                </TextEquiv>
            </TextLine>
            <TextLine id="tr_1_tl_5" custom="readingOrder {index:5;}">
                <Coords points="669,790 930,780 987,825 1162,788 1240,856 1424,782 1642,784 1759,844 1899,788 2237,811 2213,725 1907,749 1847,710 1757,755 1564,675 1377,737 1143,681 891,749 833,708 669,727"/>
                <Baseline points="680,788 762,779 844,779 926,779 1008,779 1090,779 1172,782 1254,782 1336,779 1418,779 1500,782 1582,782 1664,782 1746,782 1828,779 1910,779 1992,779 2074,782 2156,782 2239,785"/>
                <TextEquiv>
                    <Unicode>Int voorss. geschlossen, Das war einig houpt</Unicode>
                </TextEquiv>
            </TextLine>
            <TextLine id="tr_1_tl_6" custom="readingOrder {index:6;}">
                <Coords points="1381,946 1638,887 1835,893 1903,956 1964,913 2106,952 2200,891 2297,924 2297,831 2104,794 2026,827 1948,786 1774,850 1642,788 1492,827 1379,803"/>
                <Baseline points="1391,883 1436,880 1482,880 1527,883 1573,877 1618,877 1664,877 1709,880 1755,880 1800,880 1846,880 1891,880 1937,881 1982,884 2028,886 2073,886 2119,886 2164,886 2210,887 2255,891 2301,898"/>
                <TextEquiv>
                    <Unicode>Darumb so her Berch¬</Unicode>
                </TextEquiv>
            </TextLine>
            <TextLine id="tr_1_tl_7" custom="readingOrder {index:7;}">
                <Coords points="741,916 825,899 860,926 909,885 1000,924 1047,891 1156,967 1217,924 1287,928 1287,833 1242,858 1186,811 1061,801 987,823 901,780 741,800"/>
                <Baseline points="752,886 779,886 806,886 833,886 860,885 887,883 914,883 941,883 968,883 995,883 1022,883 1049,885 1076,886 1103,886 1130,886 1157,886 1184,886 1211,886 1238,886 1265,887 1292,889"/>
                <TextEquiv>
                    <Unicode>tesus Christus</Unicode>
                </TextEquiv>
            </TextLine>
            <TextLine id="tr_1_tl_8" custom="readingOrder {index:8;}">
                <Coords points="772,1012 1303,1043 1987,996 2102,1051 2287,998 2287,928 2223,893 1973,965 1812,899 1613,967 1525,926 1156,965 1047,903 987,961 913,887 772,948"/>
                <Baseline points="782,991 857,993 933,994 1008,994 1084,997 1159,1000 1235,1000 1310,1002 1386,999 1461,1000 1537,997 1612,997 1688,996 1763,994 1839,994 1914,994 1990,997 2065,997 2141,998 2216,994 2292,997"/>
                <TextEquiv>
                    <Unicode>told die zwo zertheillung Rhan het, Soll</Unicode>
                </TextEquiv>
            </TextLine>
            <TextLine id="tr_1_tl_9" custom="readingOrder {index:9;}">
                <Coords points="774,1125 920,1090 2170,1137 2276,1102 2276,1002 2069,1063 1716,994 1542,1055 975,1010 926,1055 774,1059"/>
                <Baseline points="785,1098 859,1092 934,1087 1009,1089 1084,1091 1158,1095 1233,1095 1308,1098 1383,1101 1457,1101 1532,1101 1607,1101 1682,1098 1756,1096 1831,1095 1906,1092 1981,1092 2055,1095 2130,1095 2205,1095 2280,1098"/>
                <TextEquiv>
                    <Unicode>Er Die wolbetrachten Dan die int werden</Unicode>
                </TextEquiv>
            </TextLine>
            <TextLine id="tr_1_tl_10" custom="readingOrder {index:10;}">
                <Coords points="1624,1246 1634,1248 1665,1289 1696,1293 1716,1127 1706,1127 1691,1139 1667,1108 1658,1117 1640,1113"/>
                <Baseline points="1639,1209 1676,1202 1713,1200"/>
                <TextEquiv>
                    <Unicode>9</Unicode>
                </TextEquiv>
            </TextLine>
            <TextLine id="tr_1_tl_11" custom="readingOrder {index:11;}">
                <Coords points="745,1254 1053,1207 1127,1211 1223,1271 1316,1215 1384,1269 1429,1248 1591,1283 1591,1129 1511,1162 1414,1113 1308,1141 1084,1102 930,1119 881,1088 825,1139 745,1139"/>
                <Baseline points="755,1212 797,1212 839,1209 881,1206 923,1203 965,1200 1007,1200 1049,1200 1091,1200 1133,1202 1176,1203 1218,1203 1260,1203 1302,1204 1344,1206 1386,1206 1428,1206 1470,1206 1512,1206 1554,1209 1597,1209"/>
                <TextEquiv>
                    <Unicode>weder much sin E</Unicode>
                </TextEquiv>
            </TextLine>
            <TextLine id="tr_1_tl_12" custom="readingOrder {index:12;}">
                <Coords points="1359,1418 1470,1383 1513,1420 1548,1388 1899,1420 1901,1219 1800,1205 1696,1303 1659,1285 1587,1303 1488,1211 1361,1207"/>
                <Baseline points="1370,1367 1396,1365 1423,1364 1450,1364 1476,1364 1503,1364 1530,1364 1556,1365 1583,1366 1610,1366 1637,1364 1663,1366 1690,1366 1717,1365 1743,1364 1770,1364 1797,1362 1823,1360 1850,1359 1877,1360 1904,1364"/>
                <TextEquiv>
                    <Unicode>Verechtoldus</Unicode>
                </TextEquiv>
            </TextLine>
            <TextLine id="tr_1_tl_13" custom="readingOrder {index:13;}">
                <Coords points="811,1566 952,1618 1207,1589 1316,1659 1439,1591 1613,1632 1796,1591 2127,1617 2235,1574 2235,1488 1808,1539 1605,1509 1558,1548 1484,1500 1104,1523 961,1472 811,1535"/>
                <Baseline points="821,1576 891,1576 962,1576 1033,1576 1104,1576 1175,1576 1246,1576 1317,1576 1388,1576 1459,1580 1530,1582 1600,1582 1671,1582 1742,1582 1813,1582 1884,1582 1955,1582 2026,1579 2097,1579 2168,1575 2239,1567"/>
                <TextEquiv>
                    <Unicode>Es ist ein einigs houpt, welches D.</Unicode>
                </TextEquiv>
            </TextLine>
            <TextLine id="tr_1_tl_14" custom="readingOrder {index:14;}">
                <Coords points="780,1712 1831,1675 2096,1724 2178,1675 2270,1720 2270,1572 2159,1628 1792,1593 1675,1644 1439,1591 1306,1640 1106,1589 959,1630 872,1581 780,1603"/>
                <Baseline points="791,1674 865,1674 939,1674 1013,1674 1087,1671 1161,1671 1235,1671 1310,1672 1384,1680 1458,1677 1532,1677 1606,1677 1680,1680 1754,1676 1829,1674 1903,1677 1977,1677 2051,1674 2125,1671 2199,1668 2274,1668"/>
                <TextEquiv>
                    <Unicode>ist ein theilland der gemeind potes paulus</Unicode>
                </TextEquiv>
            </TextLine>
            <TextLine id="tr_1_tl_15" custom="readingOrder {index:15;}">
                <Coords points="772,1829 883,1786 1119,1817 1390,1773 1628,1819 2008,1780 2067,1837 2229,1782 2231,1677 1927,1734 1831,1683 1691,1728 1615,1695 1558,1743 1373,1747 1195,1687 878,1757 772,1712"/>
                <Baseline points="782,1776 854,1779 927,1779 999,1779 1072,1779 1144,1776 1217,1773 1289,1773 1362,1773 1434,1773 1507,1774 1580,1774 1652,1776 1725,1774 1797,1773 1870,1773 1942,1773 2015,1773 2087,1768 2160,1765 2233,1764"/>
                <TextEquiv>
                    <Unicode>zum ephesern v tap: Es sind vill ampter</Unicode>
                </TextEquiv>
            </TextLine>
            <TextLine id="tr_1_tl_16" custom="readingOrder {index:16;}">
                <Coords points="774,1895 1439,1932 1730,1886 1950,1936 2303,1890 2285,1757 2067,1837 1913,1786 1802,1833 1708,1782 1656,1829 1386,1773 1219,1852 1149,1804 872,1794 774,1839"/>
                <Baseline points="785,1886 861,1880 937,1879 1013,1877 1089,1875 1165,1877 1241,1877 1317,1880 1393,1880 1469,1880 1546,1877 1622,1877 1698,1880 1774,1880 1850,1882 1926,1880 2002,1880 2078,1877 2154,1872 2230,1864 2307,1857"/>
                <TextEquiv>
                    <Unicode>oder amptent, die sind geider des lobs christi</Unicode>
                </TextEquiv>
            </TextLine>
            <TextLine id="tr_1_tl_17" custom="readingOrder {index:17;}">
                <Coords points="778,2044 1390,1979 1585,1979 1730,2036 2227,1983 2242,1915 2147,1882 1747,1950 1558,1919 1486,1968 1431,1930 1104,1936 1024,1878 780,1909"/>
                <Baseline points="788,1997 860,1982 933,1983 1006,1984 1079,1982 1152,1980 1225,1979 1297,1979 1370,1979 1443,1984 1516,1979 1589,1980 1662,1982 1735,1979 1807,1982 1880,1982 1953,1981 2026,1976 2099,1974 2172,1966 2245,1964"/>
                <TextEquiv>
                    <Unicode>sy sind aber int das houpt von Dem</Unicode>
                </TextEquiv>
            </TextLine>
            <TextLine id="tr_1_tl_18" custom="readingOrder {index:18;}">
                <Coords points="776,2149 887,2106 1158,2137 1238,2086 1388,2161 1462,2104 1659,2086 1880,2135 2278,2100 2268,1940 2069,2044 2007,1981 1932,2034 1761,2003 1710,2038 1589,1987 1494,2036 1386,1981 1106,2053 1010,2001 924,2049 778,2005"/>
                <Baseline points="788,2098 862,2095 937,2092 1012,2093 1087,2093 1161,2089 1236,2086 1311,2085 1386,2083 1460,2086 1535,2086 1610,2086 1685,2086 1759,2086 1834,2086 1909,2086 1984,2083 2058,2080 2133,2077 2208,2070 2283,2065"/>
                <TextEquiv>
                    <Unicode>die pstchrifft redt, Das die glider labende</Unicode>
                </TextEquiv>
            </TextLine>
            <TextLine id="tr_1_tl_19" custom="readingOrder {index:19;}">
                <Coords points="778,2202 911,2204 1018,2270 1268,2196 1722,2248 1788,2198 1929,2260 2092,2200 2278,2235 2278,2098 2223,2079 2129,2143 1919,2108 1849,2151 1658,2088 1570,2151 1531,2116 1344,2168 1238,2085 1131,2157 778,2159"/>
                <Baseline points="788,2194 862,2195 937,2197 1012,2198 1087,2200 1161,2200 1236,2197 1311,2196 1386,2194 1460,2194 1535,2194 1610,2194 1685,2194 1759,2197 1834,2194 1909,2195 1984,2194 2058,2191 2133,2186 2208,2181 2283,2179"/>
                <TextEquiv>
                    <Unicode>macht vnnd ein heiland ist des lybs da¬</Unicode>
                </TextEquiv>
            </TextLine>
            <TextLine id="tr_1_tl_20" custom="readingOrder {index:20;}">
                <Coords points="786,2307 885,2358 957,2297 1429,2346 1535,2307 1611,2354 1667,2303 2272,2295 2272,2235 2178,2211 1983,2272 1441,2211 1349,2262 1269,2196 1211,2250 1028,2270 881,2200 786,2248"/>
                <Baseline points="797,2292 871,2294 945,2298 1019,2295 1093,2295 1167,2297 1241,2295 1315,2292 1389,2292 1463,2292 1537,2292 1611,2292 1685,2294 1759,2295 1833,2298 1907,2295 1981,2291 2055,2286 2129,2284 2203,2279 2277,2274"/>
                <TextEquiv>
                    <Unicode>ruß mag der pfarrer, aber int bewaren</Unicode>
                </TextEquiv>
            </TextLine>
            <TextLine id="tr_1_tl_21" custom="readingOrder {index:21;}">
                <Coords points="796,2451 1018,2412 1367,2473 1593,2404 1667,2473 1763,2412 1927,2461 2034,2402 2231,2400 2274,2295 2129,2295 2055,2354 1993,2297 1782,2354 1507,2307 1347,2365 1264,2299 1158,2369 975,2295 887,2358 796,2346"/>
                <Baseline points="806,2403 879,2399 953,2403 1026,2403 1100,2403 1173,2400 1247,2400 1320,2400 1394,2399 1467,2397 1541,2400 1615,2401 1688,2406 1762,2406 1835,2406 1909,2401 1982,2396 2056,2388 2129,2383 2203,2380 2277,2376"/>
                <TextEquiv>
                    <Unicode>wider vnnser scheustre, Ob schon die</Unicode>
                </TextEquiv>
            </TextLine>
            <TextLine id="tr_1_tl_22" custom="readingOrder {index:22;}">
                <Coords points="825,2516 1106,2568 1326,2506 1843,2553 2223,2490 2223,2436 2168,2412 2040,2461 1734,2420 1667,2473 1587,2406 1427,2475 1170,2428 1131,2465 1030,2420 909,2461 827,2412"/>
                <Baseline points="835,2495 904,2504 974,2507 1043,2508 1113,2507 1183,2507 1252,2509 1322,2507 1391,2505 1461,2507 1531,2508 1600,2510 1670,2512 1739,2510 1809,2510 1879,2506 1948,2501 2018,2494 2087,2487 2157,2482 2227,2475"/>
                <TextEquiv>
                    <Unicode>postell, liechter sind der welet, nitt</Unicode>
                </TextEquiv>
            </TextLine>
            <TextLine id="tr_1_tl_23" custom="readingOrder {index:23;}">
                <Coords points="762,2625 946,2668 1150,2623 1228,2658 1271,2615 1447,2656 2188,2652 2254,2599 2256,2502 2077,2510 2007,2576 1778,2543 1720,2588 1533,2514 1386,2566 1328,2506 1108,2574 981,2527 764,2551"/>
                <Baseline points="773,2609 847,2615 921,2615 996,2615 1070,2614 1144,2615 1219,2614 1293,2614 1367,2612 1442,2617 1516,2618 1590,2615 1665,2618 1739,2618 1813,2618 1888,2613 1962,2612 2036,2609 2111,2602 2185,2596 2260,2591"/>
                <TextEquiv>
                    <Unicode>wesenlich sonder Die vom houpt Christo</Unicode>
                </TextEquiv>
            </TextLine>
            <TextLine id="tr_1_tl_24" custom="readingOrder {index:24;}">
                <Coords points="778,2738 1347,2716 1669,2761 1722,2726 1829,2773 2223,2726 2223,2658 2032,2644 1798,2656 1728,2701 1468,2693 1273,2617 1197,2689 778,2646"/>
                <Baseline points="788,2713 863,2711 939,2713 1015,2713 1090,2713 1166,2713 1242,2716 1318,2716 1393,2720 1469,2722 1545,2724 1621,2725 1696,2725 1772,2725 1848,2722 1924,2719 1999,2716 2075,2709 2151,2702 2227,2692"/>
                <TextEquiv>
                    <Unicode>erluchtet sind, wie ouch all glouergenn</Unicode>
                </TextEquiv>
            </TextLine>
            <TextLine id="tr_1_tl_25" custom="readingOrder {index:25;}">
                <Coords points="774,2816 973,2847 1092,2818 1129,2855 1190,2835 1252,2888 1303,2833 1377,2826 1373,2720 1355,2716 1195,2763 1137,2722 1030,2753 772,2746"/>
                <Baseline points="785,2806 814,2806 844,2806 874,2806 904,2808 934,2810 964,2812 993,2812 1023,2813 1053,2815 1083,2817 1113,2818 1143,2818 1173,2818 1202,2819 1232,2821 1262,2821 1292,2821 1322,2821 1352,2819 1382,2818"/>
                <TextEquiv>
                    <Unicode>all Christen sind</Unicode>
                </TextEquiv>
            </TextLine>
            <TextLine id="tr_1_tl_26" custom="readingOrder {index:26;}">
                <Coords points="1554,2855 1691,2868 1732,2833 1860,2826 2147,2843 2272,2812 2274,2773 2225,2736 2192,2763 2168,2740 2129,2777 1901,2750 1812,2781 1761,2775 1718,2730 1638,2779 1558,2751"/>
                <Baseline points="1564,2830 1599,2830 1635,2826 1670,2824 1706,2824 1742,2824 1777,2826 1813,2827 1849,2826 1884,2824 1920,2824 1956,2822 1991,2821 2027,2820 2063,2817 2098,2812 2134,2810 2170,2807 2205,2805 2241,2802 2277,2800"/>
                <TextEquiv>
                    <Unicode>Daruss volget, aber</Unicode>
                </TextEquiv>
            </TextLine>
            <TextLine id="tr_1_tl_27" custom="readingOrder {index:27;}">
                <Coords points="780,2911 885,2985 977,2913 1067,2960 1523,2933 1716,2995 1999,2917 2118,2997 2241,2913 2241,2859 2174,2837 2108,2882 1862,2826 1435,2892 1305,2841 1145,2870 1092,2818 936,2876 780,2847"/>
                <Baseline points="791,2892 863,2904 936,2909 1009,2917 1081,2916 1154,2921 1227,2922 1299,2922 1372,2922 1445,2922 1518,2922 1590,2921 1663,2919 1736,2920 1808,2920 1881,2922 1954,2917 2026,2916 2099,2908 2172,2899 2245,2889"/>
                <TextEquiv>
                    <Unicode>nit Das Daxumb all Christen houpter</Unicode>
                </TextEquiv>
            </TextLine>
        </TextRegion>
    </Page>
</PcGts>
