2479 3508
705 194 2207 425 fleijtlichen verstand zeesseren ware baeld be¬
731 358 2261 524 schechenn. Wijter so min her meister vl¬
722 472 2220 590 rich vermeint, mitt dem wortt brott habe er
713 552 2299 718 glouben, vnnd vertruwen vermeint In Im lassen
724 644 2267 830 ichs hy den worten behoenn. Daer da lutter
1750 754 2200 903 Das ist das
743 752 1394 918 ohne thael anzoefend
705 791 2254 974 war brett, Das van hunell herab gestigen vnnd
720 940 2226 1129 piet ladenn der wellt Das sollichs wortt
735 1034 2274 1231 mit sampt anndern, nachuolgend Christenkch Duocen
1334 1151 2302 1334 Alß dan er nich anzucht den
743 1166 1179 1334 Jus usgeneit
724 1241 2276 1435 Spruch. Der da glouet In mich habe ewigs
720 1364 2269 1524 hebenn, kan ich keinen weg vernemen. Doch
737 1468 2271 1651 In solchem verstannd Das allem Dem so sin
739 1597 2325 1748 wort vermag in vertruwen ouch In hrenwingen
2097 1692 2278 1827 reese
737 1690 1879 1862 Denne hallmingen sines willens sie
713 1761 2286 1957 mitt dem wortt glouben/ ein ergebung vnnssers
739 1883 2332 2030 hertzens zu allen smen werten ernendert, Dann
1849 1968 2358 2131 woll von Christo
754 2032 1567 2142 petrus Agachei: xvi cap:
739 2069 2248 2263 hiellt. Da er sagt, Du bist Christus
1937 2196 2360 2358 off sollichs Ins
750 2200 1726 2358 Der Sun Des lebendigen gottes,
2254 2286 2349 2390 9a
759 2302 2062 2485 Den hen hoch lobte vnnd In salig hiess.
698 2409 2332 2586 Christus aber meldert, van sinem kunfftigen liden
737 2506 2254 2692 das er wurde fur vns erstattnen Den hern
685 2605 2267 2795 Dabwijsen wollt, huss er Ine ein Sachan oss
621 2724 2349 2909 welcher hatt glauben In Christum verfacht glon¬
