2479 3508
1281 359 2308 553 Dagen wir Das deser Spring
798 374 1165 547 höret ende
815 498 2312 665 von der sommern gemeine gots, redt, welche
809 600 2267 783 sich beheben hatt Inn weg des absterbens zu
781 694 2276 832 Leben, vnnd wirt ein vsserlich gemeind des
790 800 2290 958 halben genempt, Das sy durch den geist
796 901 2276 1045 zur lieb des nechstes vnnd glaubens, an pot
1070 998 1201 1060 wirt
792 986 2320 1151 gefurt wurde welche nutzet thien Dan
766 1085 2269 1264 das Christus vorhin Jun Ir wurcken, vnd
1347 1203 1490 1265 mach
788 1188 2238 1370 alleso als glider alls Influß des einngenn
804 1286 2255 1455 houpts hannelet vnnd lasst stan wie onch
815 1378 2320 1531 gemeldet ist, wie dem gerechten kein ge¬
1396 1484 2308 1659 Dann paulus In unserm
817 1493 1330 1645 satz sye bestellet
808 1588 2278 1740 furbrachten oxt nit vom gerechten vff söl¬
802 1697 2238 1866 liche wijss, somnders eigentlichen von Dem
802 1796 2299 1966 gentlichen Das ist von Dem Christen reden
1326 1921 2246 2138 Doctor Cum rad treiger
1444 2098 1978 2236 promintiat.
828 2172 2189 2398 Ersamen frommen Christen min her¬
821 2329 2246 2516 Doctor, wennet für Das diser spruch pan¬
794 2434 2214 2614 So er allso sagt, den geistlichen ruhe nie
792 2535 2225 2708 mands er zicht aber alle dingen, wie das
794 2641 2278 2812 sollichs soll verstanden werden, von einem Jes¬
779 2721 2238 2918 klichen Christen, Der Da hatt den peist
