2479 3508
26 1111 148 1217 die kehre
22 1196 159 1296 ff Domini
33 1280 146 1406 Pauli
24 1387 148 1493 le Christe
28 1876 163 1980 in the
24 1959 163 2065 and wie
24 2535 137 2622 is wort
24 2602 154 2776 tochen,
24 2745 135 2917 sindt
787 128 1582 302 Die ander Ohlussredi
1843 200 2019 293 ).126.
824 267 1463 428 Berchtoldus halber,
433 437 2117 580 Der Bichtvatter wil mir uftraechen, bij zebringen,
452 539 2091 667 das aber Im zustunde, als das die klech Christi
459 617 2135 739 etwas ufgesetzt hätte, das nitt Jan getswort stunde,
467 706 2119 843 Demnach das die kilch Christi, kein Paczung mache¬
487 785 1998 922 osserthell dan wort gottes, Ist heitter vnd clar
463 870 2061 1017 zuermassen, vsz. dem Opruch f'sa'e am xxviiiii
476 933 2117 1072 vergulens freu si mich, So billeren, die ter vnd
465 1048 2072 1178 bott der mentsthen, wie Inde anfang anzöigt Ist,
476 1130 1215 1267 Suck Mathei am. xv.
1365 1126 1476 1243 18
798 1239 1374 1417 Alexius grad,
1250 1356 1361 1452 20
413 1391 2161 1552 Ver Berchtold zucht mich an, das Ich von Im begare,
439 1487 2095 1637 dat mir zusfunde bijgebringen, vermein Ich, das
450 1574 2137 1719 Er, vsz. Ouer huijttigen andtwurt, bybringens gnug
450 1656 2111 1811 habe, da Er nachgaben hat, das die heilig christen:
450 1752 2095 1876 lich kilch, wie sanctus paulus sagt, Ist ein gul.
463 1819 2072 1991 vnd vestigung der wirheit, vnd dibij gesagt, das
456 1919 2065 2069 die kristenlichen kilch gegrundt zije, oft das wort
461 2002 2059 2141 gottes, das Ich auch Oprich, Carumb mein sch,
463 2082 2065 2224 das nitt nott bije, zu witteer bewaring, das Ich di¬
459 2176 2067 2343 Tayningen der heiligen christenlicken kelchen, die
463 2265 2067 2400 off die warheit vande gotewort also gegrundt Est,
467 2356 2095 2500 witter beware, So Tijdoch hat den heiligen geist,
470 2450 2059 2548 voor dem Rijgeregiert wirdt, der nit fälen kan,
513 2517 2128 2663 Das aber darus volge, das die Pagangen der chri¬
489 2604 2045 2763 stenlichen kilchen, van christen mentsthen nitt
463 2678 2115 2830 sollen angenomen werden, wo ende nitt mitt heitte¬
472 2795 2091 2932 ren und glichen worten, In der Othrift gegrundt
