2479 3508
26 901 125 991 un so
34 991 134 1082 [+]
47 1666 138 1776 findig
34 2336 121 2452 wij
1976 164 2153 289 114
914 155 1618 315 Die ander Schlustrad,
461 278 2080 465 Die dint, Co du gehoort hast von mir, durch vil
489 392 2034 545 zugen, die selbigen ving empfilch den getuijwen
481 487 914 623 menschenn,
877 599 1519 763 Martinus buzer
517 739 2187 931 Is Ist gestern, durch Meistern Vlrichen Zwing
465 875 2161 1024 Tin, andtwur't gaben, vff alle Soliche Jurid, Das
468 961 2170 1106 gesagt vnd tropheten, sampt allem iem, das Je got:
465 1043 2125 1200 lich gelert worden Ist, oder temer mer magt gelert
474 1114 2011 1269 werden, Ist alles verfasset, In dise kurije Red,
433 1207 2142 1371 Lieb gott, van ganchem herczen, vnd den nächsten als
474 1287 2179 1459 dich salbs, Cas haben getort, vnd vsz. gott gelert,
465 1377 2170 1537 Alle die, von anfang der welt, recht gelert haben,
468 1472 2086 1601 Ist darumb nitt von noten, das es alles beschriben
677 1558 2071 1711 werflustig haben wir gnug an dem 1 oo
474 1612 636 1720 C0½,
472 1646 1771 1795 die Biblisthen bicher Innhaltenn,
950 1789 1636 1968 Johannes bijchstab
1534 1905 1646 2015 22
526 1952 2093 2155 Der anzug, Das wir Collen vnsern nächsten lieben
457 2082 2069 2222 Als vns zulbs u, dienst hiewider nitt, das man
468 2153 2112 2312 nitt schuldig bije, ouch ander ding zuhalten, wie
1056 2243 2136 2388 Vnde das man Othuldig bij 1 ouch
476 2267 953 2420 vor gesagt Ist.
481 2349 2121 2474 ander ding zu halten, das mitt vo getruckten wor¬
472 2414 2093 2601 ten, nitt geschriben vande, begar. Ich das Ir mir
476 2511 2039 2670 amoigen drij Spruch des heiligen Christenlichen
491 2597 2099 2758 glaubens, mitt vs getruckten worten, wie wir di
481 2685 2157 2834 betten, Namlich, Er Ist abgestigen zu den hetten,
461 2773 2194 2926 Item Ich gloub In die heiligen christenlichen kilchen,
487 2870 1821 3036 vnd Ich gloub gemeinsame der heiligenn,
