2479 3508
390 1719 617 1898 galats
575 1005 684 1198 6
838 261 2347 467 huagelijst uit, es sis ein gedenck zeichen des testament
846 409 2336 569 sonndens heijt es das thestament Im blutt verstan¬
852 504 2326 636 Ich (welcher sich nit gern Inn wort kampff gebenn
821 609 2332 757 Ovill) hab binn hathes vnnd Marco gnusome et¬
836 690 2161 861 klaring die Da sagen, das ist my blut
2186 727 2361 856 Yours
838 784 2338 950 furt In min her Doctor Das thestament In ver¬
836 884 2330 1038 zichung der sunden, sie allein Im tod vnnd sterbenn
834 975 2336 1117 Christi versichert wirt Im niemand darwider dan
852 1094 2320 1219 so man die wort eigentlich besicht lutend so das
840 1173 2332 1307 ist min blutt welches vergossen wirt zu vergebung
836 1259 2324 1394 der sund. Inn welchen worten, das wort, ist Das
840 1342 2342 1509 wesen anzogt, vff das argument van dem touff
834 1440 2344 1603 ist mensklichem verstendig, wie paulus das brucht
1726 1534 2332 1667 Derglichen der
838 1538 1698 1688 zum Rhemern am vi cap:
827 1626 2336 1786 touff genomen werden soll zum Exgesern, am v
836 1726 2357 1886 In der ersten Epistell petitum am iiii cap: vnd zum Chalacht
819 1824 2317 1969 am iii cap: beharen van minem Hern Doctor zu
802 1907 2344 2061 Jhriscen licher vnderrichtung, mitt was worten der
834 2001 2330 2132 schafft, Daß richtung mitt was werden, der schrifft
815 2084 2305 2247 Diss wort. Das ist min lijs das ist mijn blutt
815 2163 2330 2344 sollend figurlich genomen werden, In der ver¬
809 2259 2303 2434 glichung weer Moysij vnnd Christi Ist gewuss
831 2345 2322 2495 Das wir Jezmaell liecht vnnd warheit habenn vnser
819 2447 2336 2618 gulden Johannes am ersten Cap: van den Cerimenien
811 2542 2342 2693 geten ein andern, allß bestehindung gegen dem touff, lassen
821 2634 2309 2766 ich mich nitt Jan In, allein befenen ick scharfft
827 2711 2349 2884 darumb Die much zu sollichem zu verstan twee
821 2805 2334 2972 Sijndichs Oerimorusche art versichte. Die wyl
