2479 3508
18 970 141 1101 Kneiffer
20 1097 135 1165 n, denen
26 1161 133 1266 Johannes
28 1272 149 1339 Comte même
18 2415 119 2534 Litt
30 2528 119 2645 digot
30 2617 109 2748 of the
2071 151 2208 270 293
1165 157 1825 341 Die vii. Chlusrud
599 302 2202 464 haftiger knecht, Ich hab dir alle din schuld, nachgelas¬
605 413 2107 559 sen, diewil du mich batest, Soltest du dich dann
605 498 2149 589 nitt ouch erbremen, wer dinen mittknecht, wie Ich
599 571 2210 671 mich din erbarmot hab, vnd demnach der Richter dief
595 657 2186 764 werste, In den ewigen kerker, Also mitt der glich¬
609 726 2123 833 nus des Rechten, va der Schuldner erforgen muß
611 809 2135 921 ewige vauctnis, freundt vns der herr, das wir
601 885 2123 1012 uns vereinbaren, mitt unserm nächsten, damitt
595 976 2216 1081 das wir nitt, den ewigen zorn vnd Kraft verfallen,
615 1057 2107 1202 Vnd wirdt hie ganz mit geredt vom fijgfur¬
605 1139 1502 1278 Cunders vil mer darwider,
1171 1236 1786 1417 Johannes buchstab,
587 1450 2101 1635 Die gnug Is dargethan etc: das de hein fagfur sijt
577 1553 2105 1704 Beuilth Ichs dem Lisser, frag hern Gerchtoldenn
587 1653 2131 1819 hiebij, Ob diser Spruch Mathei. v. allein von den
607 1744 1813 1901 labendigen Erg, oder van den toeten,
1143 1871 1766 2022 Berchtoldus Haller,
556 2036 2099 2222 Allein van den libenden, wie der ermassen wirdt,
548 2137 2053 2315 Luce xijo. So du aber mitt dinem widersacher,
589 2250 1881 2430 fur den fürsten Gast is, Ir huchler uijt
175 2331 589 2530 and E II
1190 2381 1774 2542 Johannes buchstab,
575 2524 2107 2746 Dise wort Christi, vindem glichnus, darumb Tij
173 2645 280 2801 2.
583 2667 2174 2780 nitt allein vff die labenden dienen, Qunders ouch
587 2762 2153 2922 vff die abgestorbuen, dann wie Er hie sagt von der
