<?xml version="1.0" encoding="UTF-8" standalone="yes"?>
<PcGts xmlns="http://schema.primaresearch.org/PAGE/gts/pagecontent/2013-07-15">
    <Metadata>
        <Creator>prov=READ-COOP:name=TrHtr:version=2.41.0:model_id=51170:date=09_03_2026_17:23</Creator>
        <Created>2026-01-27T10:34:03.304+01:00</Created>
        <LastChange>2026-03-09T17:23:53.054+01:00</LastChange>
        <TranskribusMetadata docId="13922579" pageId="112790187" pageNr="267" status="IN_PROGRESS" userId="537" imgUrl="https://files.transkribus.eu/Get?fileType=view&amp;id=NLOAMKXGPDIVXRTXVHOHFGJY" imageId="95349281"/>
    </Metadata>
    <Page imageFilename="112790187.jpg" imageWidth="2479" imageHeight="3508">
        <TextRegion orientation="0.0" id="tr_1">
            <Coords points="740,131 740,2961 2336,2961 2336,131"/>
            <TextLine id="tr_1_tl_1" custom="readingOrder {index:1;}">
                <Coords points="1057,192 1066,194 1074,201 1083,201 1091,194 1103,203 1135,198 1137,148 1120,148 1091,119 1058,117"/>
                <Baseline points="1068,179 1104,178 1140,176"/>
                <TextEquiv>
                    <Unicode>.</Unicode>
                </TextEquiv>
            </TextLine>
            <TextLine id="tr_1_tl_2" custom="readingOrder {index:2;}">
                <Coords points="786,387 2255,426 2253,353 2186,326 2008,366 1749,268 1647,330 1396,295 1319,347 1143,238 1037,320 899,274 786,322"/>
                <Baseline points="797,379 870,380 943,379 1016,379 1089,379 1162,379 1235,381 1309,382 1382,385 1455,385 1528,388 1601,391 1674,391 1747,391 1821,391 1894,394 1967,397 2040,399 2113,404 2186,409 2260,417"/>
                <TextEquiv>
                    <Unicode>int warend gan Jern solem verschickt, van ettwas</Unicode>
                </TextEquiv>
            </TextLine>
            <TextLine id="tr_1_tl_3" custom="readingOrder {index:3;}">
                <Coords points="786,487 1733,477 2113,543 2194,512 2307,575 2303,435 2128,420 2052,464 1793,393 1557,439 1452,384 1177,428 1016,380 784,428"/>
                <Baseline points="797,474 872,472 948,467 1023,462 1099,462 1175,460 1250,465 1326,467 1402,471 1477,472 1553,471 1629,473 1704,474 1780,477 1856,480 1931,481 2007,486 2083,493 2158,503 2234,510 2310,516"/>
                <TextEquiv>
                    <Unicode>hermedels wegen, Das die kilch antraff het¬</Unicode>
                </TextEquiv>
            </TextLine>
            <TextLine id="tr_1_tl_4" custom="readingOrder {index:4;}">
                <Coords points="786,602 1444,550 1574,606 1745,560 2266,612 2280,535 1607,476 784,506"/>
                <Baseline points="797,573 871,565 945,560 1019,555 1094,552 1168,552 1242,552 1317,552 1391,552 1465,552 1540,552 1614,551 1688,552 1762,554 1837,556 1911,561 1985,564 2060,571 2134,579 2208,584 2283,588"/>
                <TextEquiv>
                    <Unicode>tens woll Inn der versammlung zu Antiechie</Unicode>
                </TextEquiv>
            </TextLine>
            <TextLine id="tr_1_tl_5" custom="readingOrder {index:5;}">
                <Coords points="1605,612 1615,612 1628,625 1661,623 1682,610 1699,612 1701,575 1682,577 1668,566 1657,573 1651,571 1641,575 1630,569 1622,575 1607,575"/>
                <Baseline points="1615,606 1643,604 1672,603 1701,603"/>
                <TextEquiv>
                    <Unicode>di</Unicode>
                </TextEquiv>
            </TextLine>
            <TextLine id="tr_1_tl_6" custom="readingOrder {index:6;}">
                <Coords points="817,704 1152,673 1287,734 1365,658 1641,732 1772,662 2297,706 2295,637 1797,612 1732,562 1649,625 1592,596 1478,637 1229,585 815,602"/>
                <Baseline points="826,659 899,661 973,658 1047,653 1121,655 1194,654 1268,653 1342,655 1416,656 1489,659 1563,660 1637,662 1711,657 1784,656 1858,656 1932,659 2006,663 2079,671 2153,676 2227,678 2301,683"/>
                <TextEquiv>
                    <Unicode>oßgericht, so pauclus se doch ein visserwelt</Unicode>
                </TextEquiv>
            </TextLine>
            <TextLine id="tr_1_tl_7" custom="readingOrder {index:7;}">
                <Coords points="790,773 1208,798 1363,763 1434,800 1735,755 1866,815 1973,761 2226,788 2245,738 2178,694 2121,734 1741,686 1643,732 1365,658 1294,725 1160,681 788,706"/>
                <Baseline points="800,749 872,752 945,751 1017,749 1090,749 1162,752 1235,755 1307,758 1380,755 1452,757 1525,758 1598,758 1670,755 1743,755 1815,752 1888,755 1960,755 2033,760 2105,764 2178,766 2251,770"/>
                <TextEquiv>
                    <Unicode>was, vnnd sich ouch vermeint den</Unicode>
                </TextEquiv>
            </TextLine>
            <TextLine id="tr_1_tl_8" custom="readingOrder {index:8;}">
                <Coords points="780,894 1331,840 2174,880 2255,857 2255,792 2159,823 1712,769 1662,817 1559,763 1436,800 1302,769 1264,807 779,790"/>
                <Baseline points="791,859 864,847 937,842 1010,838 1084,837 1157,837 1230,835 1304,840 1377,842 1450,841 1524,843 1597,846 1670,841 1743,838 1817,838 1890,838 1963,841 2037,844 2110,849 2183,853 2257,856"/>
                <TextEquiv>
                    <Unicode>Peyt pors han. Das man gekom int</Unicode>
                </TextEquiv>
            </TextLine>
            <TextLine id="tr_1_tl_9" custom="readingOrder {index:9;}">
                <Coords points="780,940 1034,940 1104,988 1172,951 1250,1009 1409,938 1641,1016 1776,938 1956,1001 2178,984 2176,909 1994,857 1902,907 1499,865 1411,913 1267,836 1218,882 779,894"/>
                <Baseline points="791,937 860,934 930,931 999,928 1069,925 1138,923 1208,925 1277,925 1347,926 1416,928 1486,930 1556,934 1625,937 1695,937 1764,937 1834,940 1903,937 1973,943 2042,946 2112,949 2182,955"/>
                <TextEquiv>
                    <Unicode>von Mensthen, sonder van ^  get empfangen</Unicode>
                </TextEquiv>
            </TextLine>
            <TextLine id="tr_1_tl_10" custom="readingOrder {index:10;}">
                <Coords points="782,1057 1043,1034 1099,1068 1185,1028 1344,1097 1411,1039 2272,1064 2270,997 2201,970 2144,1011 1948,999 1783,938 1643,1014 1367,945 1252,1009 780,953"/>
                <Baseline points="791,1035 865,1035 939,1031 1013,1030 1088,1027 1162,1027 1236,1027 1311,1029 1385,1030 1459,1030 1534,1027 1608,1030 1682,1030 1756,1030 1831,1028 1905,1032 1979,1034 2054,1039 2128,1041 2202,1044 2277,1041"/>
                <TextEquiv>
                    <Unicode>heis mogen met sinem brueer zu Enthéchien</Unicode>
                </TextEquiv>
            </TextLine>
            <TextLine id="tr_1_tl_11" custom="readingOrder {index:11;}">
                <Coords points="796,1170 1204,1139 1298,1212 1346,1175 1565,1206 1676,1158 1778,1206 1881,1149 2077,1208 2217,1160 2184,1066 2034,1097 1958,1043 1714,1110 1344,1097 1296,1053 1191,1101 1045,1034 796,1074"/>
                <Baseline points="806,1131 876,1133 947,1131 1018,1134 1089,1132 1159,1131 1230,1131 1301,1137 1372,1136 1442,1134 1513,1136 1584,1136 1655,1134 1725,1139 1796,1140 1867,1140 1938,1140 2008,1140 2079,1141 2150,1143 2221,1140"/>
                <TextEquiv>
                    <Unicode>Der kirchen vss. gericht han, vrsach gnug</Unicode>
                </TextEquiv>
            </TextLine>
            <TextLine id="tr_1_tl_12" custom="readingOrder {index:12;}">
                <Coords points="1085,1290 1223,1244 1298,1283 1620,1229 1873,1289 1990,1239 2240,1266 2215,1185 2067,1210 1877,1174 1785,1220 1622,1174 1570,1206 1348,1181 1296,1218 1204,1160 1085,1181"/>
                <Baseline points="1095,1244 1152,1239 1210,1238 1267,1235 1325,1234 1382,1236 1440,1233 1497,1229 1555,1227 1612,1227 1670,1231 1727,1234 1785,1236 1842,1238 1900,1237 1957,1237 2015,1238 2072,1238 2130,1238 2187,1238 2245,1241"/>
                <TextEquiv>
                    <Unicode>Das niemands miet soll machen</Unicode>
                </TextEquiv>
            </TextLine>
            <TextLine id="tr_1_tl_13" custom="readingOrder {index:13;}">
                <Coords points="782,1273 807,1275 817,1289 836,1290 855,1308 892,1283 911,1287 922,1152 884,1152 874,1143 803,1183 790,1181"/>
                <Baseline points="794,1247 819,1249 844,1249 869,1247 894,1242 919,1236"/>
                <TextEquiv>
                    <Unicode>is</Unicode>
                </TextEquiv>
            </TextLine>
            <TextLine id="tr_1_tl_14" custom="readingOrder {index:14;}">
                <Coords points="813,1396 1150,1360 1233,1406 1434,1338 1795,1361 1837,1402 1979,1365 2096,1429 2215,1396 2180,1313 1728,1279 1624,1227 1386,1296 1321,1267 1143,1313 1091,1264 1028,1296 924,1243 859,1306 811,1290"/>
                <Baseline points="821,1343 890,1349 960,1349 1030,1350 1100,1346 1170,1344 1240,1343 1309,1340 1379,1340 1449,1337 1519,1337 1589,1340 1659,1339 1729,1344 1798,1346 1868,1352 1938,1355 2008,1354 2078,1358 2148,1357 2218,1358"/>
                <TextEquiv>
                    <Unicode>voorss. eignem gevallt, souders lassen langen</Unicode>
                </TextEquiv>
            </TextLine>
            <TextLine id="tr_1_tl_15" custom="readingOrder {index:15;}">
                <Coords points="786,1465 1231,1482 1563,1438 2238,1475 2238,1404 2103,1430 1910,1367 1741,1402 1549,1340 1331,1413 1156,1384 1058,1421 966,1363 786,1423"/>
                <Baseline points="797,1450 869,1450 941,1450 1013,1450 1086,1449 1158,1447 1230,1443 1302,1442 1375,1441 1447,1439 1519,1436 1591,1436 1664,1436 1736,1439 1808,1440 1880,1442 1953,1443 2025,1444 2097,1444 2169,1444 2242,1444"/>
                <TextEquiv>
                    <Unicode>Jan Den gevällt der Kilchen, oder Denen</Unicode>
                </TextEquiv>
            </TextLine>
            <TextLine id="tr_1_tl_16" custom="readingOrder {index:16;}">
                <Coords points="792,1565 1279,1590 1331,1547 1423,1582 1630,1553 1772,1595 1833,1557 1946,1593 2111,1547 2240,1582 2240,1501 2008,1457 1668,1492 1561,1436 1457,1511 1108,1448 1003,1505 792,1509"/>
                <Baseline points="803,1555 875,1549 947,1549 1019,1549 1091,1548 1163,1543 1235,1544 1307,1546 1379,1545 1451,1546 1524,1543 1596,1543 1668,1543 1740,1546 1812,1546 1884,1543 1956,1546 2028,1543 2100,1543 2172,1543 2245,1546"/>
                <TextEquiv>
                    <Unicode>olcken Danzu verordnet, Ir hend min</Unicode>
                </TextEquiv>
            </TextLine>
            <TextLine id="tr_1_tl_17" custom="readingOrder {index:17;}">
                <Coords points="780,1708 1118,1661 1290,1676 1352,1732 1402,1687 1519,1722 1664,1668 2268,1699 2268,1626 1858,1592 1661,1639 1553,1555 1129,1639 1009,1565 780,1624"/>
                <Baseline points="791,1656 865,1659 939,1659 1013,1659 1087,1656 1161,1659 1235,1659 1310,1662 1384,1662 1458,1662 1532,1665 1606,1665 1680,1665 1754,1665 1829,1666 1903,1668 1977,1666 2051,1668 2125,1666 2199,1667 2274,1668"/>
                <TextEquiv>
                    <Unicode>gnugsam wie Christus ein Ingelik houw</Unicode>
                </TextEquiv>
            </TextLine>
            <TextLine id="tr_1_tl_18" custom="readingOrder {index:18;}">
                <Coords points="805,1839 917,1768 1271,1812 1413,1776 1503,1818 1845,1779 2077,1847 2174,1781 2251,1791 2251,1689 1881,1747 1584,1676 1432,1745 855,1687 805,1722"/>
                <Baseline points="815,1764 890,1767 966,1773 1042,1773 1117,1772 1193,1773 1269,1776 1345,1776 1420,1775 1496,1778 1572,1776 1648,1777 1723,1777 1799,1776 1875,1778 1951,1778 2026,1773 2102,1771 2178,1772 2254,1767"/>
                <TextEquiv>
                    <Unicode>sie In welches gnad ich mich empfolen</Unicode>
                </TextEquiv>
            </TextLine>
            <TextLine id="tr_1_tl_19" custom="readingOrder {index:19;}">
                <Coords points="790,1908 947,1871 1108,1921 1576,1881 1668,1916 1776,1877 2284,1919 2284,1793 2182,1779 2067,1856 1847,1778 1557,1837 1388,1779 1285,1843 1200,1795 1011,1829 917,1768 790,1827"/>
                <Baseline points="800,1868 874,1870 948,1871 1022,1871 1097,1873 1171,1877 1245,1877 1320,1877 1394,1878 1468,1877 1543,1879 1617,1882 1691,1877 1765,1876 1840,1878 1914,1880 1988,1878 2063,1874 2137,1871 2211,1866 2286,1871"/>
                <TextEquiv>
                    <Unicode>vnd in was gestallt, Die Kilch ein fun¬</Unicode>
                </TextEquiv>
            </TextLine>
            <TextLine id="tr_1_tl_20" custom="readingOrder {index:20;}">
                <Coords points="811,2025 1055,1985 1200,2054 1294,1988 1348,2027 1480,1996 1549,2059 1628,1990 1965,2027 2247,1996 2247,1919 2138,1883 1939,1967 1737,1906 1620,1925 1578,1883 1465,1937 995,1931 922,1883 811,1921"/>
                <Baseline points="821,1970 892,1973 964,1973 1035,1975 1107,1977 1178,1979 1250,1981 1321,1980 1393,1982 1464,1981 1536,1985 1607,1985 1679,1986 1750,1986 1822,1986 1893,1988 1965,1986 2036,1985 2108,1980 2179,1975 2251,1976"/>
                <TextEquiv>
                    <Unicode>geschrijr hompt heige der Ich mich vider¬</Unicode>
                </TextEquiv>
            </TextLine>
            <TextLine id="tr_1_tl_21" custom="readingOrder {index:21;}">
                <Coords points="777,2092 1645,2073 2075,2127 2148,2071 2309,2077 2309,2013 2213,1994 1979,2042 1919,2000 1643,1998 1549,2059 1450,1998 1198,2052 777,1985"/>
                <Baseline points="788,2071 864,2071 940,2071 1016,2074 1093,2071 1169,2071 1245,2074 1321,2074 1398,2074 1474,2074 1550,2074 1626,2072 1703,2073 1779,2074 1855,2074 1931,2074 2008,2073 2084,2068 2160,2064 2236,2060 2313,2057"/>
                <TextEquiv>
                    <Unicode>wurfflijck machen, vnde blib bij dem gemeinen</Unicode>
                </TextEquiv>
            </TextLine>
            <TextLine id="tr_1_tl_22" custom="readingOrder {index:22;}">
                <Coords points="769,2192 920,2222 968,2178 1139,2178 1206,2219 1267,2178 1870,2173 1870,2119 1797,2136 1643,2073 1388,2134 1127,2073 1053,2148 936,2084 769,2102"/>
                <Baseline points="779,2164 833,2167 888,2167 943,2166 998,2164 1052,2162 1107,2161 1162,2161 1217,2162 1271,2164 1326,2166 1381,2167 1436,2165 1490,2167 1545,2165 1600,2164 1655,2167 1709,2167 1764,2167 1819,2165 1874,2161"/>
                <TextEquiv>
                    <Unicode>verstand kristenlicher Kilchen.</Unicode>
                </TextEquiv>
            </TextLine>
            <TextLine id="tr_1_tl_23" custom="readingOrder {index:23;}">
                <Coords points="1225,2337 1281,2376 1425,2309 1952,2343 1952,2222 1833,2245 1689,2182 1375,2224 1300,2178 1227,2194"/>
                <Baseline points="1236,2319 1273,2314 1311,2311 1349,2309 1387,2307 1425,2307 1463,2307 1500,2307 1538,2305 1576,2304 1614,2304 1652,2303 1690,2301 1727,2304 1765,2306 1803,2307 1841,2308 1879,2311 1917,2313 1955,2316"/>
                <TextEquiv>
                    <Unicode>Martinus bucer</Unicode>
                </TextEquiv>
            </TextLine>
            <TextLine id="tr_1_tl_24" custom="readingOrder {index:24;}">
                <Coords points="798,2477 1202,2466 1254,2508 1329,2470 1473,2518 1592,2470 1791,2506 2272,2470 2251,2314 2119,2414 1879,2424 1595,2326 1411,2341 1244,2433 1095,2343 953,2343 895,2391 798,2341"/>
                <Baseline points="809,2460 882,2466 955,2463 1029,2463 1102,2461 1176,2460 1249,2463 1322,2468 1396,2469 1469,2469 1543,2472 1616,2469 1689,2472 1763,2471 1836,2469 1910,2467 1983,2463 2056,2460 2130,2458 2203,2453 2277,2448"/>
                <TextEquiv>
                    <Unicode>Die Verklerung Meister Jacobs wie er verstan¬</Unicode>
                </TextEquiv>
            </TextLine>
            <TextLine id="tr_1_tl_25" custom="readingOrder {index:25;}">
                <Coords points="775,2573 972,2548 1166,2621 1212,2575 1321,2610 1390,2566 1967,2589 2240,2548 2240,2464 2153,2516 1845,2529 1601,2472 1471,2522 1064,2460 775,2518"/>
                <Baseline points="785,2537 858,2540 931,2544 1004,2549 1077,2549 1150,2552 1223,2554 1296,2557 1369,2558 1442,2558 1515,2559 1588,2561 1661,2561 1734,2564 1807,2562 1880,2558 1953,2558 2026,2555 2099,2552 2172,2546 2245,2537"/>
                <TextEquiv>
                    <Unicode>will Das Christus der kirchen inselibet ist</Unicode>
                </TextEquiv>
            </TextLine>
            <TextLine id="tr_1_tl_26" custom="readingOrder {index:26;}">
                <Coords points="792,2642 1235,2681 2021,2654 2061,2688 2334,2627 2334,2569 2138,2550 1937,2619 1852,2562 1779,2606 1210,2575 1166,2619 974,2558 792,2579"/>
                <Baseline points="803,2624 879,2627 956,2631 1032,2636 1109,2643 1186,2648 1262,2651 1339,2651 1416,2651 1492,2651 1569,2651 1646,2651 1722,2651 1799,2651 1876,2649 1952,2645 2029,2644 2106,2642 2182,2634 2259,2625 2336,2612"/>
                <TextEquiv>
                    <Unicode>nemen wir dan das er aber wider harfur bringt</Unicode>
                </TextEquiv>
            </TextLine>
            <TextLine id="tr_1_tl_27" custom="readingOrder {index:27;}">
                <Coords points="729,2715 1607,2792 1779,2740 2004,2786 2082,2738 2263,2752 2261,2673 2163,2637 1916,2694 1455,2694 1413,2654 1175,2694 993,2638 729,2681"/>
                <Baseline points="740,2710 816,2719 892,2725 968,2726 1044,2731 1120,2735 1196,2741 1273,2743 1349,2743 1425,2740 1501,2740 1577,2740 1653,2740 1729,2740 1806,2740 1882,2740 1958,2740 2034,2737 2110,2737 2186,2734 2263,2731"/>
                <TextEquiv>
                    <Unicode>Vetous sie ein vnderhoupt wer die kilch</Unicode>
                </TextEquiv>
            </TextLine>
            <TextLine id="tr_1_tl_28" custom="readingOrder {index:28;}">
                <Coords points="790,2857 1087,2826 1145,2869 1440,2878 1868,2832 2048,2838 2134,2888 2236,2823 2236,2763 2176,2740 1996,2800 1762,2750 1661,2811 1503,2750 1402,2796 1198,2748 972,2788 790,2738"/>
                <Baseline points="800,2824 875,2817 951,2819 1027,2821 1102,2826 1178,2830 1254,2833 1330,2835 1405,2835 1481,2833 1557,2834 1633,2833 1708,2833 1784,2833 1860,2833 1936,2830 2011,2827 2087,2820 2163,2814 2239,2809"/>
                <TextEquiv>
                    <Unicode>Darumb Das Im furnemlich, benoben sie</Unicode>
                </TextEquiv>
            </TextLine>
            <TextLine id="tr_1_tl_29" custom="readingOrder {index:29;}">
                <Coords points="784,2976 920,2986 966,2940 1028,2986 1172,2955 1220,3001 1319,2949 1373,2995 1630,2941 1716,3022 1935,2936 2288,2934 2274,2813 2128,2888 1833,2836 1551,2886 1409,2855 1321,2901 1243,2851 786,2857"/>
                <Baseline points="794,2937 868,2934 943,2934 1018,2932 1093,2932 1168,2934 1243,2936 1318,2937 1393,2937 1468,2939 1543,2939 1617,2937 1692,2937 1767,2938 1842,2934 1917,2929 1992,2927 2067,2919 2142,2912 2217,2903 2292,2898"/>
                <TextEquiv>
                    <Unicode>die schafflin Christi zeweiden Ist vor gnugsam</Unicode>
                </TextEquiv>
            </TextLine>
        </TextRegion>
    </Page>
</PcGts>
