2479 3508
303 2263 535 2473 GV
1001 110 1763 299 Die funfte Schlussredi
617 240 2227 422 Ounder der mass, wider clare Ochrift, Oegen ouch
645 356 2314 518 die Misss. vnder die besten werck, wie ende ten gebrucht
651 443 2299 568 Ob, thon die Friester, die atter bösten gue, Ei wellen
636 518 2310 643 ouch, Mittpriester, mitthelster, vnd mitt erboser in
638 613 2276 776 Oamitt die Er gottes, der unversprachenlich thay des
636 696 2251 872 lidens Christi, versthuxft, vnd vff das hochst ver¬
662 787 2270 942 schmacht wirdt, Das werden wir min Sachen vnd
632 880 2229 1031 erfaren, vsch dem ersten Insag des herren nachtmals
632 955 2340 1135 das Oi die Miss namen, Ob Christus da goopfort hab,
645 1054 2232 1207 Oder Sich zu opfern beuolchen, Dann So wir alle
626 1120 2293 1317 duijg, von wort zu wort ermissen, So erfindt es sich,
632 1230 2340 1400 das Christus, ein gemeine gedachtenis allen christen,
624 1326 2183 1451 des emost verbrachten Opfers nu Cruiz In smem
647 1387 2242 1582 nachtmal beuolchen hat, Er Exricht, Namend es:
638 1493 2295 1657 send, das heis nitt opfern, danctsagen theist nitt op¬
645 1606 2323 1761 fern, Een fungern gaben zu essen, heeft nitt opfern
636 1682 2202 1822 Oolichs tun zu gedencken und verkunden den tod des
628 1765 2181 1901 herren, heijt nitt opforn, Glauben das Christus
636 1862 2272 2036 sin lib. hal gaben fur uns tn tod, vnde in blut ver¬
641 1956 2253 2132 gossen, zu vergabuijg der grund (nitt Im nachtmali
1824 2047 2333 2210 In dem nicht:
619 2064 1754 2227 Vunder am Cruij heist mitt opfern
626 2145 2287 2312 mal des herren komen wir, das wir vnsern glauben
628 2265 2227 2393 bezugen, und vns bruderlicher liebe erbietten, als
626 2312 2308 2499 mittglider des libs Christi, das Ist aber nitt opfern
698 2427 2321 2569 Also erfindt sich, vss den worten vnd der that Chri¬
647 2522 2251 2688 sti tm. nachtmal, das Er nitt geopfrot, noch vns
619 2613 2276 2781 zij opfoen bevolchen hat, zum andren, Der da
619 2711 2189 2857 Opfrot, Col wirdiger sin, dann das Er opfrot¬
611 2800 2176 2957 dann des Opfer, Ist vmb des Opfreuden willen,
