2479 3508
737 256 2210 461 Das er sich ein trost macht Das erfindt sich
747 398 2198 544 an den nachgenden worten, Da allso stat Da
747 493 2141 656 nun meelten Die Juden, vmb sint willenn
729 587 2204 755 Das er geredt hatt ich binnen das brott, Das van
735 674 2214 808 himel komen ist, vnnd sprachen, Ist mit das
731 790 2228 962 Jesus der Sun Josephs Des vatter vnnd muter
737 893 2249 1039 wir erkennen, Inn welchen worten wir ver¬
763 984 2200 1155 stan Das die Juden ein schuchen hanne ge¬
747 1094 2277 1273 hept, ab dem, das sij sollten vff In vertouwen
749 1165 2247 1364 so sy allein sin monsthet harfur zuchent. Dann
737 1283 2212 1492 man sicht daran, das sij Ine mitt erkanten
1512 1417 2210 1563 Vssz welchem vollegt
747 1435 1149 1577 ein pot sin
723 1488 2186 1680 Das ons die Inden verstanden haben, bas
729 1628 2216 1806 weder wir Das Christus mut dem wortt
737 1729 2141 1879 brott hatt wellen glouwen oder vertruwen
743 1833 2129 1999 meinen, vnnd darumb sprachen so alls
745 1928 1269 2058 hernach volgt
1404 1944 2153 2093 wie redt den der
741 2013 2237 2182 das er win hunell herab komen sije ant¬
731 2109 2269 2300 wurt Inen Jesus vnnd sprach zu Inen Jancken
763 2231 2233 2373 int mitt den anndern. Es mag niemand zu
763 2320 2190 2458 mir komen, Es hab Inn Dann der vatter
725 2425 2310 2541 Der mich gesendt hatt zogen, In welchen worten
737 2521 2249 2695 Wir aber merckend Das Christus mitt den
727 2608 2275 2766 wortt der Spijss oder brots allem das vertruwen
749 2705 2220 2846 verstatt, So er hie des wort brot par midt
753 2807 2174 2979 gedenckt, vnnd gedenckt aber des vertruwens
