2479 3508
17 767 114 876 F.T.
21 988 112 1062 Dnand
195 348 449 560 sima
195 613 339 823 19
1946 174 2101 257 202
1024 134 1755 293 Die vierd schlußere d
611 216 2196 405 am vi cap: vflent Wann wir durch een
619 339 2148 511 geist Christi, das vertruwen Inn Christum
619 435 2175 589 habenen. Es wer sunst manchem welgesagt
636 511 2211 685 Der solches trosts beroupt wer. Das soll
625 575 2192 750 auch hie vermerckt werden, das vnsere sind
615 678 2258 861 vns vergeben sind, alls das blutt Christi am Contz
640 770 2277 954 vergossenn vnnd dahin soll sich vnnser glaub
1005 865 2220 1058 Wir wijssene woll, Das Das
621 905 986 1037 vnnden
615 971 2186 1158 blut unsers hern Jesu Christi wurdig ist,
594 1068 2198 1264 Onch Da Christus noch een kind was vnd
606 1151 2258 1308 beschritten wurde, Aber das blutt vergiessen,
611 1266 2275 1429 Christi Inn siner kindtheitt In der bescheidung
655 1340 2275 1512 Ist mitt dahin verordnet worden, vnser Conscientz
613 1437 2275 1618 par ze versichern Wees ouch Inn dem nacht
621 1543 2175 1711 mael, ob schon Das blutt, Da were wesenlich
644 1635 2239 1791 (Das ick nitt ryd) so ist es doch dahin nitt
617 1728 2262 1902 verorduort, van pott sonder an dem Orutz, Dan
585 1825 2209 1991 Vir haben Johannes am Dritten cap: Da der
611 1946 2152 2084 her van dem glouwen redt zu Nicodemo do
594 1969 2298 2141 bringt er In die figur des erhochten armen schlan¬
604 2107 2266 2262 gen In der wusse offenbart vns da deren heim¬
598 2207 2230 2347 lichen hatt pottes wie durch das wort des
587 2281 2283 2417 Trutz, wir das laben vnnd erlösing erlangen, dar¬
598 2387 2188 2540 zu viel gschrifft gefurt mochten werden, alls
594 2472 2184 2639 zum Collossen sern, in cap: Das vnsere sind
591 2580 2266 2739 gehofft soud an das Erntz vnnd andern ortenn
600 2669 2251 2832 vnnd diewijl aber, das thestamende allein in
579 2769 2266 2940 Idem toe erfuellt wintt, wie es klarlich statt zum
