2479 3508
269 636 414 822 wirt
665 352 2142 543 Das ewig leiben, Johannis am vi cap: vnnd
665 485 2164 659 mogent solche zweyung endtlich int schaden
645 586 2210 756 Das vertruwen vff got, welches der erwelten
659 681 2148 847 läben ist, wurd furfaren vnnd eurch gottes
667 770 2123 962 geist noch volkomen werden vnnd kein ende
669 899 2146 1049 niemer mer nemen wider solches, Das die
669 996 2188 1162 schrifftlich warheit ist, liet des worts, wer
663 1089 2132 1263 an mich glouet, Der hat Das zwie labenn
665 1194 2180 1374 Hatt Der provinciat aber een an alle voorschrifft
671 1311 2184 1479 ein Iurede than. Es sie int gnug, das einer
659 1408 2158 1572 glenbe, Das Jun Christus Credi sijt habe Er¬
657 1521 2170 1687 musse Darbij ouch glauben, alles das das
683 1614 2158 1776 die gemeine christenlich krech, die er doch
671 1732 2196 1877 verstat alle getoufften, vnder Denen vill ver¬
645 1826 2220 1988 Worffner sind, die kein glauben wie en schmacken
657 1927 2200 2059 haben geloubet her vnnd angenomen vermeinet
645 2035 2218 2190 Das zebewaren Das wir selbst bekennen, etliche
677 2130 2184 2307 ketzer verdam not sijn/ Die solches glenwert
663 2247 2222 2398 haben, Darzu sagen wir nein :/ wer de plenet
669 2330 2231 2523 hat ein mall. Das vnser her Jesus Christus
665 2447 2220 2627 Ime eresser hab, Der hat das schell Des
659 2552 2226 2740 Heilligen geists zum ewigen laben empfangen
677 2639 2261 2833 Dann Welliche an Jesum glouwen sind kinder
622 2750 2212 2950 gottes, Johannis am ersten capi vnd magh
