2479 3508
15 555 165 670 l'oder tout
19 642 167 778 on die boß
17 744 170 843 ginen,
25 837 170 945 onnigen
17 917 180 1015 31 xxx
32 998 170 1098 wieder
19 1081 167 1197 ten zu den
30 1167 182 1267 Nader die
23 1252 176 1371 aden die zu
28 1360 170 1462 fruertig
21 1449 165 1557 haben mitt
34 1540 167 1638 ein zwar
17 1604 178 1716 ber der weit¬
25 1691 155 1807 uß Er
42 1773 159 1920 eder g
23 1877 159 2011 ich zijn
21 1987 153 2076 hitt mer
208 1862 364 2038 Aa
1892 197 2042 326 138
852 180 1534 373 Die dritt Othlus stad
502 286 2028 453 wirdt Christus die gund, wie taulus ad Nomanos
475 417 2087 557 viiie. clarlich sagt, vertretten, vnd durch snien geist,
483 487 2066 636 ende entlich ganz from, vndt mn. salbs glich machen,
489 572 2066 716 das fuen, nach freu guten wercken, die doch des her¬
502 661 2059 807 ren sin werden, vnd s' nitt fr eijgen, das ewig lt:
502 748 1604 900 ben volkomenlick zugestelt wirdt,
890 875 1526 1051 Johannes buchstab,
564 1045 2083 1220 Das vnsere werck, so nach empfachung des toufs,
570 1167 1977 1307 N dem glauben besthijchen, verdienstlich zijen
453 1184 557 1314 op
506 1254 2106 1411 wirdt mencklich, Jan alten vnd nuwen Testament,
492 1333 2087 1475 erfinden, Als Christus Opricht Mathei au vj. der
481 1422 2055 1553 da tut den willen ming himelsthen vatters, der
487 1506 2104 1651 wirdt gan In das Rich der himlen, Actuum am
496 1610 2032 1756 x. hat Thabita, vmb der guten wercken willen,
470 1682 1970 1835 die Oi gethan hatt, verdienot, von snuijto petro
487 1767 1977 1937 barmhertzenklich von dem tod erquicht werden
845 1949 1460 2095 Martinus buzer
489 2059 2038 2261 Off die Erst, Ist die andtwurt geben In der ex:
475 2193 2138 2348 klärung hern Beychtolden, Die ander bringt das nitt
485 2290 1841 2460 das Thabitu fr vferweckung verdienot habe,
877 2413 1559 2593 Johannes buchstab,
383 2589 2083 2773 Zu erklärung vnd bestatung miner vor aingezegnen
445 2706 2066 2871 schritten, sag Ich, was darby geschriben stat, dan
487 2790 2064 2956 Si ware voll gutter wercken, vnd illmusen gaben,
