2479 3508
176 840 258 949 B
2007 174 2164 258 108
1161 136 1844 304 Die erst schlußred
545 283 2099 478 har ick Inn nocen erkennen, een Ingeliebet houpt
559 425 2240 566 sin der klchenn van wellnhem houpt, een 29
538 509 2120 685 welichem houpt der kilchen fliessend, vnad
534 620 2108 811 vyssheitt verlösnus vnnd alle volkomen heitt
526 712 2103 901 Eenige gutt/ Allso nemen ich den Bax st.
1768 807 1969 878 „ somme
561 815 2173 989 vnt em houpt, sonder ein furgesetzt, als hen
559 913 2237 1085 Der klechen Dem bevolen ist, Das ampt
574 1016 2196 1188 furnemlick zehandlen, wie petro furnemlich
570 1119 2240 1305 benolen sind die schlijssell ouch Im die schaffen
605 1219 2252 1393 In sonder het empfelen hett fur annder gewaden
566 1335 2214 1508 Welches noch keiner mit der verstorifft ent¬
585 1412 2246 1611 ledepot hett, Dormub klar wird In was gestallt
585 1531 2166 1716 Christus, ouch Inn was gestallt, petrus oder
603 1642 2248 1823 sin nachkomen houpter der kilchen genempt
570 1754 2219 1932 werden, valet hin die Jochumb Da man
1110 1839 2154 2024 Ist petrus vnnser houpt So
580 1867 880 2032 spricht
568 1959 2164 2162 ist er ouch vnser, erlöser vnnd sulpket ende
580 2085 2112 2244 Als geredt ist van agari bucen, encken
564 2185 2074 2380 andern sijnen brudern, Er spricht ouch wo
551 2302 2143 2485 Zeven oder drij In smem namen versambot
587 2390 2183 2585 sijnde das sy die kelck mogent handlen
549 2506 2177 2682 nach Dom yettschen wortt, Das ouch die
568 2623 1320 2801 Yanten Kilch antrifft
1404 2627 2168 2816 Das doch miet
561 2732 681 2910 ist
945 2724 2237 2935 Wann sijt paulus vnnd Barnabis
