2479 3508
823 281 2293 528 wirtt/ van dem ouch Inn Dem ersten geredtt
1270 450 2229 586 So nun der nachsen punct
852 464 969 604 ist
848 524 2254 683 noch vom pfarrer, erkenntt wirtt, Das er
839 633 2275 792 lintte von dem fleißen Christi In tod hinpe¬
833 738 2296 924 ben vnnd dis wortly welches fleißen dar¬
829 837 2279 996 zwijsthen stande, anzoigt, das fleißen, Das Im
852 945 2308 1091 vorderen, theill statt, So volgt das, wie der ander
844 1031 2289 1184 punckt von dem getödten lichnam Christi luten
825 1141 2271 1291 Das ouch der erst den verstand hab, Das die
831 1240 2312 1388 Spijß die er vnns heben werde, sie Im fleisch
831 1326 2252 1512 verstoet. Es ist ouch nitt primetlich sonnders
821 1437 2269 1613 wider den pfarrer, Das hie zwerendt stat
829 1549 2269 1699 davo, das ist Ick wirts gebenn. Dann es
829 1646 2048 1834 ein natureliche E panaphora ist.
1025 1745 1747 1856 in XV taij senners.
1314 1838 2050 2013 farrer von samit
1303 1959 1687 2118 gattenn
808 2013 2256 2232 in her vnnd mitteruder Meister Vlricen
833 2176 2306 2306 nach nechstigem furtrag will in die allmechtig
815 2263 2291 2423 keitt nitt geredt habenn. Denn gott gevussen, niet
817 2349 2296 2504 alles das thut so er vermag, worumb aber sin
800 2450 2285 2603 Wortt luttett vnnd was ef verfacht volstreckt
821 2543 2314 2694 er allß die verheissung hie Johanus am vi capite.
765 2638 2326 2774 Ob wir aber plich sollichs mitt vnnser, vermueff
821 2727 2326 2869 nitt vernemend, wie wir nitt wijssenn welcher
808 2819 2302 2984 Da ist der weg des geists ouch In was gestallt
2285 2392 2448 2739 and
