2479 3508
1198 164 1865 334 Die vii. Schlusbredi
654 296 2278 445 cab dat nitt konnen beschriben, was In hundert oder
654 402 2116 568 zwoijhundert faren nach Im. beschicken Ist,
1209 522 1875 709 Berchtoldus heller,
600 654 2244 877 Obles das der Othulmeister harfür bringt, bewaert
632 800 2331 960 de hem fag für, Das bestatten ondr. klagen, So Er vsz.
645 911 2354 1035 dem alten testament, harfür bringt, Ist mitt lesthich
664 998 2274 1152 en, die Oelen darmitt vsz. dan tag für zuerlosen
664 1081 2316 1233 wie aber von unsern todten diensten, furgaben wirdt,
666 1173 2318 1341 Ounder Ei sinderlich bestattot, damitt freu nachkom¬
666 1254 2314 1422 men, In dester Stadter gedachtens ware, die verheis¬
681 1390 2261 1509 sung den vattern beschicken, oud sind viel mer be:
673 1458 2308 1626 sthichen, umb der libendigen willen, dann vmb der
675 1548 2227 1701 todten willen, vnser todten dienst aber, Ome mit
681 1643 2295 1784 anders, dann beschwerden der Ormen, vnd zugnis
677 1748 2254 1901 enis vngloubens, wir tflachen aber hiemitt nitt
662 1835 2333 1984 ab, das man einen Jeden Christenlichen mentstheim,
656 1931 2116 2112 christenlich vnd zimlich, aue allen bracht, begrabe
677 2027 2282 2171 Das Er von den Apostlen harfurbringt, Si ha:
671 2112 2237 2286 ben de hem Jarzitt begangen, darumb das Oisten der
643 2210 2261 2371 gangen welt, harumb hogen sijen, das Ruangeli¬
666 2301 2293 2465 nen zu predijen, Oagen wir darzu, wo ein fagfur
660 2384 2310 2548 ware, vnd den Oelen mochte van vns, darus geholf:
645 2508 2339 2665 fen werden, aue zwijfel die Apostel, hatten es gelert
677 2612 2329 2759 vnd geprediget, Ob Ti Othon Is Oelbs, niet hatten
660 2697 2344 2840 halten mogen, Cas widerspil erfundt sich wer, bij
651 2778 2359 2965 dem heiligen Paulo, prima ad Thessalonicenses. iiii
