2479 3508
225 164 373 281 mstag
283 262 422 418 Vyf
203 2134 480 2316 werck der
2042 166 2185 248 273
1078 174 1745 338 Die vj. Blussred
512 232 1086 461 Oem XXII
1185 299 1574 412 Tonners
1111 338 1714 492 Johannes bijchtab,
547 506 2191 691 Den Spruch Lucr. xvic. von hern Egidio furgetragen,
537 613 2157 763 lassen sich also bliben, Hat witter Jan selben capittel,
556 713 2087 845 Christus gesprochen, Nachend vijch frund, vsz. dem
547 793 2138 951 gut der boßheit, vff das, So Ir manglen werden, Oi
549 888 2150 1027 (ick In die ewigen taberneeckel namen, van mogen
556 970 2114 1115 vns kenie, vsz. freignen kraft, In die ewigen taber:
554 1043 2081 1179 nackel namen, dann allem mitt für bitt, für das
541 1132 2052 1255 So wir Inen bewisen hebben, vff dem ertrich, mitt
543 1228 1511 1386 Ollmusen und barmherzikeit,
1105 1351 1751 1521 Werchtoldus haller,
547 1540 2089 1716 Christus redt van den lebendigen heiligen, die w:
554 1630 2118 1792 muijt vnd gebrasten liden, denen wir teillen sollenn,
541 1720 2101 1882 vnser zittliche heb, damitt so wir durch den toe, von
549 1792 2134 1986 verwaltung des zittlichen guts, abgestossen werden,
535 1896 2079 2044 ende vns vfnamen In die ewigen tabernackel, nitt Oi,
531 2001 2122 2130 ende under gott, vmb des willen, das wir Inen gethan he¬
554 2068 2060 2210 ben In & niem namen, Oam Oi werden gezugnis
541 2157 2083 2308 gaben unserm glauben, den wir durch die liebe, an
808 2259 935 2319 ubte
539 2243 2171 2415 Inen gevrucht hand, ende wie Christo Jesu besthach¬
543 2321 2155 2499 en Ist, alles, das wir den armen bewisen, Also auch
541 2413 2134 2546 wirdt die widergeltung Inen zij gelegt, die doch allein
508 2540 871 2667 gott thijt
1117 2519 1724 2724 Johannes buchstab
508 2761 2089 2948 Von kurge wagen, blib Ich darbij, wie Ich es darge¬
