2479 3508
160 3207 246 3309 50
156 3290 258 3356 3.50
297 1955 397 2083 2
1010 120 1722 291 Die vierd schlußen
1995 150 2138 261 198
1081 226 1743 404 pfarrer v. f. g.
602 278 2277 479 Dir wissende woll das das wortt des Meusten
585 425 2192 583 en/ allß eins menschen mitt vermag. Aber so
573 517 2162 675 wir handlen vss dem beuelch vande wort gottes
570 613 2194 767 so thut es mit allein natturliche Dingen, Sonnders
573 679 2175 844 jeder naturliche, Das eroffnet sich Inn dem
600 797 2185 948 wort, so vertrus Dem hern antwurt, gepieter
562 876 2243 1047 Durch die pantze nacht arbeitend haben wir nichts
573 974 2237 1139 gefangen, In dinen wort, aber, will ick vnser Spannen
1164 1085 2145 1248 Als sy sellichs schan haben
579 1094 872 1233 Das neven
547 1124 2260 1350 Habenn sy vmb schlossen, ein grosse vijle der visschen
583 1271 2196 1440 Also mochte zugefurt werden, der spruch 1 ep:
553 1367 2209 1545 petri am 1 cap: vnd zum Reinern am per cap: ouch
547 1461 2226 1634 Die erst conclusion Darumb (ob got will) chri¬
592 1572 1594 1745 stenlich red gehabtten worden.
1038 1679 1440 1850 Zwingli
637 1735 2149 1976 D a petrus sprach, In Dinem wert will ich
583 1871 2230 2072 das nez vß spreiten, beijer ick von unserm bruder
540 1993 2211 2194 was vsserlichen worts petrus geredt, habe zu des
570 2128 1169 2256 netzes Inlassung.
1081 2153 1694 2369 Pffaxer v. s. g.
634 2301 2205 2487 Wie es Im text verfasset mitt allem Inhabitt
598 2425 2249 2596 will ich darzu midt thun noch daruon nemen
570 2523 2207 2704 vnd Im die wort des Capitells zu antwort
568 2645 829 2794 lassen,
1122 2625 1557 2848 Zwingli
568 2711 2209 2969 Ich trag die person des einfalligen vnnd bin
