2479 3508
18 804 124 955 zeigt
22 933 133 1036 Geredet
18 1246 137 1379 verhin
20 1348 108 1478 1858
38 1644 133 1739 der wy¬
1881 150 2044 259 228
893 146 1591 259 Die vrije Sluszoue
495 210 2267 396 vnnd der gleichen ortt, der schrifft, frittelt mitt wider
552 360 727 475 pnts
919 338 2192 495 Das ermeint es sie zebesorgen, Das
535 396 2248 579 (wir dem glouwen ze vill zugeben) Dan paulus ver¬
548 515 2303 672 mits den glauben, an die lieben verstat er noch int
548 610 2259 762 Das pambus glouwen nimpt glich wie der heiligen
1660 694 1828 758 öder
561 694 2263 853 Jacobus In smer Epistel fur sinn„ vnd meynichtt
566 782 2172 933 will mitt dem Junne verzechen die sy aber
161 732 504 930 # des da
208 888 539 1006 glaubt wirt
572 877 2219 1048 in hertzen, mitt vertrouwen int habend/ Da
177 955 548 1072 welchen sinn
623 955 2261 1134 t gewiss, Das solcher glons metzit mutz is
181 1036 597 1154 vnd meijningen
577 1043 2225 1222 Dann es ist int der glauw van dem man wedt
544 1149 2195 1330 Das der selig macht dan derselb glaub Ist ein
539 1242 2172 1410 Ingezweyffelen verrichtung vnd brunst des
555 1344 2155 1485 menschlichen hertzen, een gott, So liext er
570 1452 2241 1633 schuldig des libs vnnd bluts Christi, ende Ist onch
548 1527 2261 1702 gebrantwurt, Wix reden oncen int also Das
546 1653 2263 1817 Im sacrament gan nutzt sie, sonder wir erkennen
544 1728 2203 1920 Das Im Sacrament, das nebent dem brett vnnd
548 1841 2164 2002 win, Die meldung des tods Obristi beschech
544 1932 2256 2095 mit allein mijt worten, sonder In unserm hertzen
522 2035 2221 2186 Das gehort zum Sacrament des nachtmals das
526 2124 2234 2283 vnser her Iesus paulo erschienen sie actoru ix
561 2232 2221 2382 vnnd midt dest wenigen zu der gerechten potes
572 2307 2210 2488 sie gewesen, gestan wir nitt, dan so er Im
552 2416 2267 2588 Himell gewesen, so ist die ersthinung parlo ge¬
577 2517 2267 2641 schechen Durch Engelsche zu dieming verordnet
2000 2610 2234 2776 das
555 2617 1839 2771 Als wir haben actorn am vii ca:
552 2705 2243 2866 gott das gesatz geben habs mitt vervrouwe
1357 2807 2206 2957 vnd haben aber In den
561 2802 997 2988 D„o xvijftien
2069 2913 2199 3059 1
