2479 3508
1196 120 1907 321 Die vij. Schlusseredi
600 281 2245 419 kumpt nitt voorsz. unserm laben, oder liden, Ounder
624 406 2272 558 gott  Ist der da geraecht mach, de Romanos. viije.
1234 486 1904 695 Johannes buchstab.
689 645 2308 894 Oft den anfang, van hern Berchtolden hütt Inge¬
632 822 2317 972 furt, Andtwurt Ich kurzlich also, wie Christus
632 903 2211 1091 vnser eenig gnug tien gije, Ist In der drittenn
626 989 2260 1131 Schluskred, gnugsam verandtwurt, Is Opricht
651 1095 2315 1234 Sant Paulus, prima ad Cornithios. vj. dese glicken
645 1177 2325 1292 ad. Galathas. v. das die, oo den Ounden des fleisths,
615 1260 2164 1420 Als da sind, huwij, giti keit, vncluter kert, mid
626 1349 2285 1526 Zangg, hass van hangen x. Cas Solche, das Rich
636 1448 2317 1619 der hunlen nitt besitzen werden, So Oprecht Chri¬
640 1537 2279 1706 stus. Mathu. xijo. das man rechnung muss. ga.
640 1628 2338 1773 ben, von einem Jeden vinnigen wort, Nun fst niet,
636 1714 2205 1854 ein fecklich vinnij wort, Ein kopt sijnd, darumb
645 1795 2255 1962 ouch, ettlich vinnuije wort, die mitt hoptsuijden sind,
645 1921 2291 2067 abgereinigt mussen werden, dann versaijas Opricht
617 1981 2230 2148 xxxvo. Der wagt wirdt heilig genempt, der be¬
636 2088 2192 2232 fleckt wirdt durch Jan nitt gan, wir wussen
636 2175 2211 2325 ouch, das der mentsth, mag glouben, vnd doch et¬
624 2264 2236 2405 wan nitt volkomenlich, Oann Christus Mathei
624 2401 2289 2530 xiiij. an petro nitt einen gangen volkommen glou¬
645 2454 2285 2606 ben funden het, De Er zu Inde. Opach, Odu klein
634 2553 2209 2725 glaubiger, worumb hast du gezwillot, ende lich
628 2636 2207 2807 als wel, mag der mentsten glauben, vnd doch nitt
609 2756 2093 2919 50 krefftig, das Er Im gl. gl. ouben volkomen 57 - /
