2479 3508
27 1398 112 1475 & mitt
30 1878 110 1965 Arreters
171 277 446 442 des bluts
188 439 332 621 46
150 1874 492 2060 xxoque τοδωσις,
910 106 1595 268 die vierd schlußred
1840 152 2172 283 204 184
541 224 2129 448 gemeindt Christi die soll Notario Das ist ge¬
551 361 2087 558 meinde Communio verthusche werden, vnnd
568 473 2108 625 mit Comumicatio vs theillung Dis bewaren
568 556 2110 733 mit Dem artigkell des glaubens, sanctorum
543 653 2081 788 communem Das ist gemeind der hellgen
562 733 2117 896 da wirt communio den latinen dem prienschen
995 826 2210 970 Wer dus wirt hernach noch klarer
558 858 807 963 Lomovia
505 923 2155 1086 Es volgt wijter Jun worten Das brot Das
589 1001 2089 1202 wir brechen, Ist das int die gemeinde
606 1105 2155 1303 Des lichnams Christi: / His sachen wir des
558 1208 2140 1358 Paulus Speet vff die bednt mus der Zeichen
592 1301 2189 1460 das die einerley Sacrament, mit ein andern
575 1403 2212 1589 bauchend, ein Kilch mit ein andern stend, vnd nempt
564 1508 2153 1713 allso die so Das Sacrament des lichnams
596 1601 2203 1772 vnd bluts Christi mit ein andern niessend die
583 1709 2178 1910 gemeind oder yememsame des lichnams vnd
572 1832 1707 1988 bluts Christi Das Dom allso
598 1867 2184 2085 sie, so volgt hernach hun praepodosis. Das ist
568 2009 2176 2176 Eau/s redditio, Das ist ein vrsach, worumb
581 2104 2153 2292 er Die Christen Die einerlei Sacrament
572 2172 2203 2389 bruchen Die yemeind Des lichnams vnd
560 2301 2170 2486 bluts Christi genempt hatt vnnd spricht
566 2404 2167 2588 allso, Dann ein bret, (hie hand wir des
558 2489 2182 2630 ovortl. dann.) ein offen zenchen, das er er¬
581 2573 2110 2780 hebben will vrsach worumb er die Christen
572 2655 2273 2945 die gemeinde des lijbs schrifti vnd bliets schrifte
