2479 3508
1228 267 2212 483 farrer von Sant Gallen
778 396 2214 594 Alss Nach langem min lieber Her Meister
799 518 2153 668 Vlrich Zwingli, Das vi capi Johannis
750 631 2249 774 Ismes verstands Inhalts anzoigt hatt, Namlich
789 713 2255 848 das er das wert oder die verheissung, das das
789 815 2249 967 Japitel Johanus van der vsserlichen, bijblichen
780 900 2220 1064 messing, nitt solle verstannden werden, gestanne
778 1009 2181 1165 Ich Im des nitt, Dann so essen an Disvrin
789 1070 2259 1255 ortt, fur gleuben sollte verstanden werden, wurde
801 1197 2188 1349 gar ein vnuorkommen verstand fürtragen. Der
785 1300 2208 1452 spruch der da wirtt essen, van desem brott
785 1382 2165 1524 Mag aelda essen fur glauben nitt verstandenn,
1257 1483 2216 1635 Das aber da die verheissung
772 1485 1107 1610 werdenn
690 1569 2175 1738 vff die insatzung des nachtmalls Christi
766 1670 2247 1842 nitt begriffen, oder verheissen sie, sind die wort
760 1766 2192 1939 hael vnnd klar, Das so er am nachtmael
760 1865 2177 2017 hatt vellen Jusetzen vande erstattenn, hatt er
768 1953 2278 2118 verheissen, In dem so er sagt, Das brot so ich vch
756 2050 2198 2210 gebenn wirtt Das ist min fleissen. In
766 2148 2272 2307 disem spruch das brott, das ich wirtt gebenn,
758 2237 2278 2413 da opitt verstanden, damlich des ersten ver¬
762 2344 2329 2506 heissung vff das nachtmall Christi, Das andere
744 2424 2255 2588 (vortt dabo pro mundi vita verfacht vnnd
772 2539 2294 2695 schlußt Inn Im, sinen lijb fur vns hegebenn
762 2635 2301 2800 Vereynn zu erlösung, Darumme der Enang
762 2728 2247 2896 list Das wert, dabo zwuret In dem spruch
