<?xml version="1.0" encoding="UTF-8" standalone="yes"?>
<PcGts xmlns="http://schema.primaresearch.org/PAGE/gts/pagecontent/2013-07-15">
    <Metadata>
        <Creator>prov=READ-COOP:name=TrHtr:version=2.41.0:model_id=51170:date=09_03_2026_17:23</Creator>
        <Created>2026-01-27T10:33:44.368+01:00</Created>
        <LastChange>2026-03-09T17:23:32.711+01:00</LastChange>
        <TranskribusMetadata docId="13922579" pageId="112789922" pageNr="120" status="IN_PROGRESS" userId="537" imgUrl="https://files.transkribus.eu/Get?fileType=view&amp;id=YFCHXYJZPNUOGVOJJRUKILZP" imageId="95348986"/>
    </Metadata>
    <Page imageFilename="112789922.jpg" imageWidth="2479" imageHeight="3508">
        <TextRegion orientation="0.0" id="tr_1">
            <Coords points="167,2476 167,2632 259,2632 259,2476"/>
            <TextLine id="tr_1_tl_1" custom="readingOrder {index:1;}">
                <Coords points="155,2588 168,2588 168,2592 177,2588 216,2627 249,2625 257,2520 238,2520 229,2509 203,2527 170,2496 161,2496"/>
                <Baseline points="167,2582 197,2582 228,2580 259,2576"/>
                <TextEquiv>
                    <Unicode>4</Unicode>
                </TextEquiv>
            </TextLine>
        </TextRegion>
        <TextRegion orientation="0.0" id="tr_2">
            <Coords points="331,214 331,2813 2212,2813 2212,214"/>
            <TextLine id="tr_2_tl_1" custom="readingOrder {index:1;}">
                <Coords points="2069,310 2097,312 2130,279 2156,301 2171,303 2171,205 2160,205 2143,222 2069,209"/>
                <Baseline points="2080,259 2112,261 2144,261 2176,259"/>
                <TextEquiv>
                    <Unicode>45</Unicode>
                </TextEquiv>
            </TextLine>
            <TextLine id="tr_2_tl_2" custom="readingOrder {index:2;}">
                <Coords points="318,462 2071,464 2069,386 1803,312 1240,410 1112,336 674,416 600,368 519,412 434,347 316,408"/>
                <Baseline points="331,438 418,444 505,441 592,443 679,449 766,450 853,448 941,450 1028,449 1115,447 1202,448 1289,447 1376,446 1463,444 1551,444 1638,444 1725,444 1812,444 1899,447 1986,453 2074,459"/>
                <TextEquiv>
                    <Unicode>monon gemeynen Christen bchen kirchen, somder van</Unicode>
                </TextEquiv>
            </TextLine>
            <TextLine id="tr_2_tl_3" custom="readingOrder {index:3;}">
                <Coords points="573,578 872,613 920,569 1114,556 1367,602 2064,562 2067,467 1940,508 1443,460 1238,512 1177,458 1086,510 916,473 826,517 576,499"/>
                <Baseline points="585,558 659,558 733,559 807,561 881,557 955,555 1029,554 1104,552 1178,555 1252,555 1326,552 1400,552 1474,550 1548,552 1623,552 1697,550 1771,550 1845,555 1919,550 1993,550 2068,549"/>
                <TextEquiv>
                    <Unicode>einer jegklichen kilchen, fur sich selbst selve</Unicode>
                </TextEquiv>
            </TextLine>
            <TextLine id="tr_2_tl_4" custom="readingOrder {index:4;}">
                <Coords points="606,715 693,669 924,711 1070,658 1227,708 1317,661 1733,704 2147,654 2147,565 2088,523 2025,584 1897,549 1613,617 1537,565 1288,632 1073,565 868,623 606,580"/>
                <Baseline points="618,647 694,656 771,656 848,656 924,658 1001,656 1078,656 1154,658 1231,660 1308,662 1385,659 1461,657 1538,660 1615,662 1691,662 1768,658 1845,655 1921,650 1998,645 2075,640 2152,638"/>
                <TextEquiv>
                    <Unicode>das ein gegkliche einige kilch, In stucken des</Unicode>
                </TextEquiv>
            </TextLine>
            <TextLine id="tr_2_tl_5" custom="readingOrder {index:5;}">
                <Coords points="541,809 1046,763 1123,815 1295,774 1408,841 1474,780 1822,818 1879,767 2134,756 2134,717 2006,663 1940,724 1452,719 1317,661 1230,717 1059,658 988,717 815,676 543,743"/>
                <Baseline points="555,761 634,765 713,764 792,761 872,761 951,761 1030,758 1109,758 1189,760 1268,764 1347,762 1426,767 1506,764 1585,764 1664,764 1743,763 1823,761 1902,758 1981,755 2060,751 2140,749"/>
                <TextEquiv>
                    <Unicode>glaubens handlen vnnd sprechen mog vande nit</Unicode>
                </TextEquiv>
            </TextLine>
            <TextLine id="tr_2_tl_6" custom="readingOrder {index:6;}">
                <Coords points="584,865 1001,924 1319,865 1395,920 1441,876 2176,859 2176,785 1410,844 1230,798 1155,828 1038,767 953,820 846,783 584,826"/>
                <Baseline points="597,859 676,862 755,862 834,862 914,862 993,862 1072,859 1151,859 1231,859 1310,862 1389,860 1468,862 1548,862 1627,859 1706,858 1785,856 1865,853 1944,852 2023,849 2102,847 2182,847"/>
                <TextEquiv>
                    <Unicode>von noten, zuerwarten, eins gememen Spruchs</Unicode>
                </TextEquiv>
            </TextLine>
            <TextLine id="tr_2_tl_7" custom="readingOrder {index:7;}">
                <Coords points="545,992 1637,968 1681,1005 2167,961 2167,861 1583,922 1430,889 1384,931 1306,865 1068,922 545,918"/>
                <Baseline points="558,970 638,962 719,961 800,963 881,961 961,958 1042,958 1123,956 1204,957 1284,955 1365,955 1446,955 1527,958 1607,955 1688,955 1769,955 1850,955 1930,955 2011,949 2092,945 2173,940"/>
                <TextEquiv>
                    <Unicode>von gemeiner Christenlichen kirchen, wider</Unicode>
                </TextEquiv>
            </TextLine>
            <TextLine id="tr_2_tl_8" custom="readingOrder {index:8;}">
                <Coords points="580,1094 1016,1059 1286,1114 1367,1079 1426,1129 1687,1055 1862,1125 2078,1059 1993,964 1931,1016 1838,981 1737,1025 1504,990 1389,1027 1273,968 1203,1027 1127,968 972,1027 846,970 783,1025 702,968 580,994"/>
                <Baseline points="591,1053 665,1055 740,1056 814,1057 889,1056 964,1056 1038,1058 1113,1058 1187,1059 1262,1059 1337,1056 1411,1056 1486,1056 1560,1056 1635,1056 1710,1053 1784,1052 1859,1047 1933,1050 2008,1049 2083,1044"/>
                <TextEquiv>
                    <Unicode>desen smien verstand, arguier ick allso, Ein</Unicode>
                </TextEquiv>
            </TextLine>
            <TextLine id="tr_2_tl_9" custom="readingOrder {index:9;}">
                <Coords points="569,1199 1097,1164 1227,1234 1297,1164 1400,1158 1530,1230 1761,1164 1840,1221 1918,1151 2136,1151 2139,1088 2043,1059 1855,1125 1696,1057 1421,1127 1138,1068 1005,1129 750,1059 571,1094"/>
                <Baseline points="582,1176 659,1158 737,1155 815,1155 893,1155 971,1158 1049,1156 1127,1155 1205,1155 1283,1155 1361,1155 1438,1156 1516,1158 1594,1156 1672,1154 1750,1153 1828,1152 1906,1150 1984,1147 2062,1142 2140,1143"/>
                <TextEquiv>
                    <Unicode>Ses kliche empe kilch, mag Inn stucken Des</Unicode>
                </TextEquiv>
            </TextLine>
            <TextLine id="tr_2_tl_10" custom="readingOrder {index:10;}">
                <Coords points="582,1304 726,1262 1123,1312 1271,1267 2102,1254 2102,1197 1945,1149 1838,1221 1759,1175 1456,1221 1391,1160 1297,1164 1227,1234 920,1182 844,1225 582,1225"/>
                <Baseline points="594,1271 669,1262 745,1257 820,1259 896,1259 972,1260 1047,1259 1123,1259 1199,1256 1274,1257 1350,1256 1426,1256 1501,1256 1577,1256 1653,1253 1728,1251 1804,1250 1880,1247 1955,1245 2031,1244 2107,1241"/>
                <TextEquiv>
                    <Unicode>plenbens Irer van Darumb dan keine</Unicode>
                </TextEquiv>
            </TextLine>
            <TextLine id="tr_2_tl_11" custom="readingOrder {index:11;}">
                <Coords points="582,1371 726,1415 802,1373 1164,1410 1299,1371 1384,1428 1448,1367 1626,1404 2058,1369 2058,1271 1916,1323 1434,1288 1260,1334 809,1260 582,1306"/>
                <Baseline points="594,1367 667,1362 740,1364 814,1364 887,1361 961,1361 1034,1364 1108,1362 1181,1361 1255,1364 1328,1366 1401,1366 1475,1367 1548,1364 1622,1361 1695,1361 1769,1358 1842,1358 1916,1356 1989,1349 2063,1349"/>
                <TextEquiv>
                    <Unicode>In stucken des glaubens vrtheillen mag</Unicode>
                </TextEquiv>
            </TextLine>
            <TextLine id="tr_2_tl_12" custom="readingOrder {index:12;}">
                <Coords points="584,1530 715,1472 802,1509 937,1472 1548,1509 2060,1454 2060,1415 1899,1391 1731,1428 1681,1378 1602,1419 1519,1386 1376,1428 1301,1386 1138,1430 1036,1373 927,1428 746,1434 584,1371"/>
                <Baseline points="597,1453 670,1459 743,1462 817,1465 890,1463 964,1461 1037,1465 1110,1463 1184,1463 1257,1465 1331,1468 1404,1468 1477,1468 1551,1468 1624,1468 1698,1468 1771,1465 1844,1462 1918,1458 1991,1454 2065,1450"/>
                <TextEquiv>
                    <Unicode>Dann de Der xichter, een wir gabenn</Unicode>
                </TextEquiv>
            </TextLine>
            <TextLine id="tr_2_tl_13" custom="readingOrder {index:13;}">
                <Coords points="591,1624 1175,1570 1550,1570 1600,1611 1709,1572 1812,1637 1881,1570 2206,1609 2206,1474 2082,1506 2030,1461 1814,1533 1450,1480 1284,1533 1173,1474 981,1537 702,1474 591,1513"/>
                <Baseline points="603,1564 683,1570 763,1570 844,1570 924,1570 1005,1570 1085,1570 1166,1568 1246,1567 1327,1567 1407,1570 1487,1570 1568,1567 1648,1567 1729,1567 1809,1567 1890,1565 1970,1561 2051,1557 2131,1558 2212,1555"/>
                <TextEquiv>
                    <Unicode>sollen Inn hendlen des glaubens vnstreff¬</Unicode>
                </TextEquiv>
            </TextLine>
            <TextLine id="tr_2_tl_14" custom="readingOrder {index:14;}">
                <Coords points="582,1690 682,1687 772,1748 1168,1674 1264,1727 1406,1679 1504,1716 1729,1681 1803,1735 1910,1666 2019,1703 2019,1598 1857,1598 1801,1646 1583,1600 1421,1635 1177,1572 1073,1618 582,1609"/>
                <Baseline points="594,1674 665,1669 737,1668 808,1665 880,1667 951,1665 1023,1668 1094,1668 1166,1665 1237,1666 1309,1665 1380,1667 1452,1668 1523,1668 1595,1666 1666,1668 1738,1668 1809,1665 1881,1665 1952,1668 2024,1662"/>
                <TextEquiv>
                    <Unicode>lich soll sin vnnd nit mogen Jocen. /</Unicode>
                </TextEquiv>
            </TextLine>
            <TextLine id="tr_2_tl_15" custom="readingOrder {index:15;}">
                <Coords points="1766,1785 1781,1788 1785,1783 1799,1785 1818,1779 1822,1783 1857,1783 1857,1711 1844,1709 1838,1716 1820,1718 1816,1713 1812,1718 1801,1707 1785,1716 1779,1709 1768,1709"/>
                <Baseline points="1779,1743 1806,1741 1834,1740 1862,1740"/>
                <TextEquiv>
                    <Unicode>3</Unicode>
                </TextEquiv>
            </TextLine>
            <TextLine id="tr_2_tl_16" custom="readingOrder {index:16;}">
                <Coords points="985,1912 1155,1931 1221,1886 1336,1879 1371,1903 1421,1855 1463,1888 1609,1870 1644,1899 1809,1853 1812,1785 1663,1790 1628,1751 1487,1790 1389,1753 1315,1770 1254,1718 1199,1718 1086,1799 988,1820"/>
                <Baseline points="1000,1857 1040,1855 1081,1848 1122,1845 1163,1845 1203,1845 1244,1845 1285,1845 1326,1845 1366,1845 1407,1842 1448,1840 1489,1839 1529,1839 1570,1839 1611,1838 1652,1836 1692,1836 1733,1835 1774,1833 1815,1836"/>
                <TextEquiv>
                    <Unicode>Martinus bucer</Unicode>
                </TextEquiv>
            </TextLine>
            <TextLine id="tr_2_tl_17" custom="readingOrder {index:17;}">
                <Coords points="1764,2027 1822,2049 1969,2047 2001,2073 2075,2036 2184,2047 2187,1945 2115,1923 2073,1953 1984,1942 1964,1955 1951,1942 1884,1966 1855,1955 1807,1990 1764,1979"/>
                <Baseline points="1773,2036 1799,2032 1825,2031 1851,2031 1877,2033 1903,2035 1929,2036 1955,2036 1982,2036 2008,2036 2034,2035 2060,2033 2086,2031 2112,2029 2138,2025 2164,2023 2191,2021"/>
                <TextEquiv>
                    <Unicode>Wix haben</Unicode>
                </TextEquiv>
            </TextLine>
            <TextLine id="tr_2_tl_18" custom="readingOrder {index:18;}">
                <Coords points="610,2106 850,2097 903,2056 990,2126 1086,2047 1282,2110 1478,2075 1541,2106 1583,2073 1635,2106 1639,1945 1458,1879 1195,2010 1123,2008 1029,1914 615,1942"/>
                <Baseline points="623,2077 676,2074 730,2069 783,2066 837,2063 891,2058 944,2048 998,2043 1052,2042 1105,2045 1159,2049 1212,2051 1266,2051 1320,2051 1373,2048 1427,2047 1481,2045 1534,2043 1588,2042 1642,2036"/>
                <TextEquiv>
                    <Unicode>Lieben fremen Christen,</Unicode>
                </TextEquiv>
            </TextLine>
            <TextLine id="tr_2_tl_19" custom="readingOrder {index:19;}">
                <Coords points="576,2213 1873,2160 1973,2234 2171,2176 2173,2047 1914,2119 1315,2119 1168,2056 1094,2121 990,2126 905,2060 576,2134"/>
                <Baseline points="588,2170 667,2169 746,2164 826,2164 905,2159 985,2158 1064,2159 1143,2158 1223,2158 1302,2158 1382,2158 1461,2158 1540,2158 1620,2158 1699,2158 1779,2158 1858,2152 1937,2152 2017,2148 2096,2142 2176,2143"/>
                <TextEquiv>
                    <Unicode>ein hanndell Das wort gottes belangennd</Unicode>
                </TextEquiv>
            </TextLine>
            <TextLine id="tr_2_tl_20" custom="readingOrder {index:20;}">
                <Coords points="578,2306 831,2326 1256,2265 1352,2315 1517,2269 1827,2296 2167,2254 2193,2165 1969,2234 1600,2171 1502,2219 1376,2165 1232,2228 580,2221"/>
                <Baseline points="591,2277 671,2274 751,2272 831,2271 912,2271 992,2269 1072,2266 1153,2266 1233,2266 1313,2263 1394,2263 1474,2266 1554,2264 1634,2266 1715,2266 1795,2263 1875,2260 1956,2257 2036,2249 2116,2241 2197,2233"/>
                <TextEquiv>
                    <Unicode>gegen minem hern Doctor zu gegen Darumb</Unicode>
                </TextEquiv>
            </TextLine>
            <TextLine id="tr_2_tl_21" custom="readingOrder {index:21;}">
                <Coords points="556,2405 828,2381 1038,2429 1323,2367 1809,2415 1860,2367 2093,2365 2093,2248 1955,2324 1790,2285 1559,2341 1369,2328 1295,2265 1009,2335 558,2304"/>
                <Baseline points="570,2370 646,2370 722,2370 799,2370 875,2370 952,2369 1028,2370 1104,2370 1181,2367 1257,2364 1334,2364 1410,2364 1486,2365 1563,2367 1639,2371 1716,2370 1792,2367 1868,2361 1945,2358 2021,2352 2098,2343"/>
                <TextEquiv>
                    <Unicode>will ick Im getzund ant wurt geben vnnd</Unicode>
                </TextEquiv>
            </TextLine>
            <TextLine id="tr_2_tl_22" custom="readingOrder {index:22;}">
                <Coords points="1894,2422 1914,2424 1923,2415 1938,2411 1958,2426 1969,2429 1973,2424 1986,2435 2001,2435 2003,2372 1982,2370 1971,2376 1940,2376 1927,2389 1912,2378 1897,2378"/>
                <Baseline points="1907,2412 1940,2410 1973,2409 2006,2409"/>
                <TextEquiv>
                    <Unicode>ich</Unicode>
                </TextEquiv>
            </TextLine>
            <TextLine id="tr_2_tl_23" custom="readingOrder {index:23;}">
                <Coords points="1690,2429 1705,2424 1733,2426 1735,2431 1740,2426 1757,2426 1777,2444 1792,2435 1803,2435 1805,2367 1794,2367 1779,2376 1761,2394 1753,2394 1731,2378 1718,2385 1690,2381"/>
                <Baseline points="1701,2421 1728,2421 1755,2421 1782,2420 1809,2418"/>
                <TextEquiv>
                    <Unicode>vnd</Unicode>
                </TextEquiv>
            </TextLine>
            <TextLine id="tr_2_tl_24" custom="readingOrder {index:24;}">
                <Coords points="536,2511 804,2470 972,2518 1116,2472 1559,2481 1670,2535 1766,2487 2049,2500 2197,2466 2200,2357 2121,2333 1984,2433 1779,2444 1589,2376 1526,2429 1288,2381 1040,2429 876,2385 748,2439 538,2405"/>
                <Baseline points="549,2460 631,2466 714,2464 797,2463 880,2466 963,2468 1046,2469 1128,2466 1211,2466 1294,2467 1377,2469 1460,2470 1543,2471 1626,2472 1708,2480 1791,2475 1874,2470 1957,2466 2040,2462 2123,2447 2206,2442"/>
                <TextEquiv>
                    <Unicode>Damit die sach kurtzert werd, Will ich das</Unicode>
                </TextEquiv>
            </TextLine>
            <TextLine id="tr_2_tl_25" custom="readingOrder {index:25;}">
                <Coords points="528,2592 800,2577 961,2651 1197,2651 1319,2579 1744,2585 1812,2647 1990,2570 2204,2568 2204,2476 1696,2544 1572,2487 1432,2531 1254,2474 528,2509"/>
                <Baseline points="540,2576 623,2573 706,2572 790,2570 873,2571 957,2573 1040,2573 1124,2575 1207,2576 1291,2576 1374,2576 1457,2577 1541,2582 1624,2582 1708,2582 1791,2582 1875,2577 1958,2572 2042,2566 2125,2560 2209,2555"/>
                <TextEquiv>
                    <Unicode>widerbringen/ Der red/ des Dortors lassen austan</Unicode>
                </TextEquiv>
            </TextLine>
            <TextLine id="tr_2_tl_26" custom="readingOrder {index:26;}">
                <Coords points="558,2703 724,2736 841,2681 1190,2679 1291,2738 1509,2686 1668,2740 1742,2690 1990,2688 2132,2736 2132,2618 2082,2607 1511,2642 1323,2581 1254,2642 961,2651 743,2575 558,2590"/>
                <Baseline points="570,2675 648,2674 726,2671 805,2670 883,2672 961,2675 1040,2676 1118,2678 1196,2681 1275,2679 1353,2681 1431,2683 1510,2686 1588,2686 1666,2685 1745,2685 1823,2683 1901,2683 1980,2677 2058,2671 2137,2663"/>
                <TextEquiv>
                    <Unicode>Vnnd gib, antwurt, erstlich des spruchs halben</Unicode>
                </TextEquiv>
            </TextLine>
            <TextLine id="tr_2_tl_27" custom="readingOrder {index:27;}">
                <Coords points="576,2819 813,2847 894,2801 1038,2862 1330,2793 1570,2843 1631,2808 1694,2858 1966,2782 2139,2817 2139,2736 1908,2703 1212,2751 907,2679 770,2736 576,2692"/>
                <Baseline points="588,2785 665,2782 743,2782 821,2781 899,2782 976,2782 1054,2782 1132,2783 1210,2785 1287,2785 1365,2788 1443,2788 1521,2791 1598,2789 1676,2791 1754,2790 1832,2788 1909,2783 1987,2779 2065,2774 2143,2764"/>
                <TextEquiv>
                    <Unicode>der geistlich richt alles ende Diswijl twee</Unicode>
                </TextEquiv>
            </TextLine>
        </TextRegion>
    </Page>
</PcGts>
