2479 3508
1117 160 1895 319 Die ander Schlußred
696 291 2298 460 der christenlichen Kirchen geordnet oud, welichs witter
688 401 2292 532 In nachgondem cappittel anpoijgt wirdt, Oo ƒ 6
669 475 2277 600 Lucas vorgemeldt also verricht, Actumen wor de die
694 555 2310 728 Opostel, durch die Jett giengen, da haben Oi fuen zu¬
704 645 2325 788 behalten gaben, die leven vnd bargungen die da von den
673 735 2300 888 Mostlen oud Eltern, Oo In Jerusalem waren, vfgesegt
704 802 2302 974 vnd geordnot waren, vnd die kilchen wurden bestaet
688 892 1228 1046 In hem glauben,
1080 1031 1764 1195 Martinus buijer
706 1170 2263 1359 Is Ist noch mit wider unser Afluss. red Ingebracht,
696 1285 2284 1443 dann die Oagning der Apostlen, von vruen am xv. vnd
696 1367 2284 1535 L. xvj. Actorum, gelasen wirdt, die Ist nitt gemacht
708 1453 2304 1572 worden, das Oi vie Constiennen binden solt, darumb O
708 1545 2251 1686 jouch die heiden, nitt witter gehalten haben, dann
700 1623 2288 1774 bouil Solicke, die freije lieb, Een zitt lang, zu dienen
696 1702 2251 1844 dan Schwathen hin glauben, Colche ervordrof haben,
698 1790 2220 1956 voorr. Ist Si ouch Im. gebott gottes, gegrundet
688 1885 1007 2038 geweisen
1099 1950 1760 2142 Johannes buchstab
739 2132 2329 2325 Der burger, Ir wolten geru min Inzug van sturgen
659 2251 2298 2384 xber am volkomme Othritt, Eann die wil Cauctus
681 2343 2322 2482 Paulus, an der ii. zu den Ehes salonicensern, Cessglich
681 2429 2271 2560 am. iii. ouch anzogt von disen Sachungen zuhalten
694 2509 2320 2636 vnd Si ruint, das ende Ei halten, vnd Solich Capini:
690 2576 2314 2752 gen, mitt vs getruckten worten, In wiblisther Othrift
690 2687 2327 2850 nitt mij oigt, vnd aber die, Oo In der zitt der Opostler
694 2777 2247 2934 gelobt hand, und bald darnach, Anzeigung vnnd
