2479 3508
27 572 134 683 Gristow
27 668 136 743 jamais
19 729 134 835 fend,
25 837 140 912 santé par
4 873 150 1010 den. 8
23 989 140 1086 terwilt
27 1069 140 1148 der wäre
19 1503 129 1572 Eurentat
31 1559 132 1657 of xii
29 1728 138 1831 widerweit
27 1804 146 1933 goodt
29 1895 142 1996 2) Das
38 1994 144 2094 mitt fe
23 2081 142 2177 Bere dien
27 2163 150 2263 In Paul,
35 2242 150 2376 Eas f
40 2426 132 2557 Iglichen
25 2534 144 2628 in 1 Ab
31 2599 150 2728 and, by
173 703 273 879 G
1956 196 2142 309 119.
941 177 1699 349 Die ander Schlußred,
553 319 2125 486 ses oude allwagen lugner gesin, dessglichen Oct:
559 418 2190 530 tuum am. xvij. vid am. xx. wevden euch Schrif:
543 505 2119 641 ten Ingefurt, Als ob di andersthwe, In Biblisthen
555 584 1639 733 Othriften gefunden wurden, 27
962 722 1536 866 Martinus buzer
589 848 2169 1015 Ses Cuntags halben, Ist nitt geredt worden, das
536 977 2165 1092 Inn die kilch gebotten hab, Ounders zu gijt der ge¬
549 1035 2102 1188 meind, Ist Er fry willigt angenomen wordenn,
555 1119 2196 1261 Eerglichen der Apostre tag, wiewel diesettigen uijtse
543 1196 2104 1363 glicher massen, angenomen vnd gewesen bind,
564 1278 2173 1405 Darumb war hierfun etwas gebutot, vnd die Con¬
555 1359 2165 1524 stientz kindt, der Ist ein widerchrist, Die andren
555 1438 2236 1566 Ort alle samen, bringen nichts wider vnsere Othlusf:
564 1568 2163 1670 red, wir reden balts, ouch vil tm. predigen, Das
568 1616 2144 1751 von wort zu wort In der Wibel nitt stat, fo Ist
570 1703 1543 1843 aber In der Wibel gegrundet,
902 1829 1647 2000 Johannes buchstab
516 2012 2188 2163 Lucas der Ruangelist, Actuum am xv. zoijt an¬
559 2104 2119 2263 die wandlung Pauli durch vil Landtschaften,
562 2190 2229 2336 zu verkunden dat Rich gottes, vnd Opricht Demnach
570 2275 2186 2413 also, Paulus durchwandlot Diriam vnd Ciliciam,
559 2367 2219 2503 bestätigend die kilchen, vnd gebot zuhalten die gebott
564 2442 2200 2547 der Apostlen, vnd der Eltern, Nun Ist mit an¬
568 2526 2215 2670 ders das genent werde, die gebott der Apostlen vnd
564 2607 2192 2735 Der Eltern, dann die Dayungen der Apostlen, die
522 2689 2163 2847 que die andren teren, Oo Im Ruangelio geschriben
559 2778 2167 2925 stand, gehalten sollen werden, vnd zu Regierung
