2479 3508
342 1960 644 2131 Dema
1085 154 1845 319 Die ander Schlussred
681 276 2286 443 komme vsz. dem heiligen geist, oder In der Obrist
689 389 2281 550 nitt bij gegrundt, das stat Inde noch zu bewaren
659 464 2305 640 Hoff ouch, das die wictoritet oder der Spruch. ij. ad
636 554 2271 702 Chimotheum. iijo. cap. Durch Jan Ingelegt, in
674 646 1751 779 das nitt werde helften bewaren,
1830 640 1952 790 15
1053 749 1740 939 Eerchtoldus heller,
1641 867 1736 974 18
691 912 2328 1091 Die kilch Christi, hat nie mit angenomen, dann die
653 1025 2266 1164 Im wort gottes gegründt ist, nich lut vnd dag
681 1104 2266 1245 der ersten bekanten Othlusshred, wer die kilch¬
681 1190 2279 1314 die nitt Christi Ist, die hat vsserthalb dan wort
687 1278 2292 1395 gottes, vil angenomen, Der Spruch Pauli. iien. ad
621 1389 2337 1524 Thimotheum iijo. der zoigt an, das die Obrist gingt
696 1451 2138 1605 sam Ist wißgemachen zur balikeit, 25
1034 1573 1569 1748 Alexius grad,
1472 1693 1605 1783 2-7
659 1746 2298 1905 In der andtwurt hevn Berchtolds, so Er spricht,
691 1858 2305 1997 das die kilch Christi, mijt hab angenomen, dann
687 1941 2292 2084 das In dem gotswort gegründt fst, vnd wie da:
704 2027 2236 2166 mitt geandtwurt haben, off das, So Ich Oprich,
678 2116 2290 2273 das die christenlichen kilch, etwas heb gesegt, das In
685 2198 2292 2328 Dem gotswort nitt gegrundt oije, das Ope durch
710 2298 2307 2422 Inn noch nitt bewart mitt der Othrift, Oag Ich, Ich
710 2401 2251 2519 hab nitt gesprochen, das die kristenlich kilch, mit
706 2476 2230 2615 angenomen habe, das nitt In dem gotswort ge¬
698 2562 2300 2705 grundt bije, Ounder Ich hab gesprochen, Er soll
717 2634 2277 2778 bewaren, das Oi Etwas hab gesagt oder grord
704 2739 2170 2902 not, das nitt Im gotswort gegrundt ope
