<?xml version="1.0" encoding="UTF-8" standalone="yes"?>
<PcGts xmlns="http://schema.primaresearch.org/PAGE/gts/pagecontent/2013-07-15">
    <Metadata>
        <Creator>prov=READ-COOP:name=TrHtr:version=2.41.0:model_id=51170:date=09_03_2026_17:24</Creator>
        <Created>2026-01-27T10:34:22.552+01:00</Created>
        <LastChange>2026-03-09T17:24:13.333+01:00</LastChange>
        <TranskribusMetadata docId="13922579" pageId="112790344" pageNr="413" status="IN_PROGRESS" userId="537" imgUrl="https://files.transkribus.eu/Get?fileType=view&amp;id=STUCUKEGTZLPDXHBFRFHPBES" imageId="95349428"/>
    </Metadata>
    <Page imageFilename="112790344.jpg" imageWidth="2479" imageHeight="3508">
        <TextRegion orientation="0.0" id="tr_1">
            <Coords points="400,2458 400,2626 582,2626 582,2458"/>
            <TextLine id="tr_1_tl_1" custom="readingOrder {index:1;}">
                <Coords points="400,2653 465,2657 487,2635 523,2647 533,2633 557,2639 569,2625 585,2623 571,2507 549,2521 521,2509 503,2513 437,2473 419,2487 382,2485"/>
                <Baseline points="400,2558 426,2560 452,2562 478,2566 504,2569 530,2572 556,2574 582,2576"/>
                <TextEquiv>
                    <Unicode>sunge</Unicode>
                </TextEquiv>
            </TextLine>
        </TextRegion>
        <TextRegion orientation="0.0" id="tr_2">
            <Coords points="719,376 719,2897 2337,2897 2337,376"/>
            <TextLine id="tr_2_tl_1" custom="readingOrder {index:1;}">
                <Coords points="735,443 1169,435 1282,495 1470,437 1574,501 1808,433 2251,485 2295,481 2295,390 2207,352 1964,401 1802,342 1684,392 1424,392 1316,314 1185,378 733,354"/>
                <Baseline points="747,431 824,429 902,429 980,429 1057,429 1135,426 1213,426 1290,426 1368,424 1446,425 1524,426 1601,426 1679,424 1757,423 1834,424 1912,429 1990,434 2067,441 2145,448 2223,456 2301,462"/>
                <TextEquiv>
                    <Unicode>Wiewoll der geist gottes ann allen extenn, nichts</Unicode>
                </TextEquiv>
            </TextLine>
            <TextLine id="tr_2_tl_2" custom="readingOrder {index:2;}">
                <Coords points="731,565 1434,529 1626,593 1724,529 1932,531 2253,613 2281,513 2179,471 1986,499 1808,435 1574,501 1510,445 1288,497 1095,495 1031,435 945,499 839,425 729,455"/>
                <Baseline points="743,537 820,538 897,533 974,531 1051,528 1128,528 1205,528 1283,528 1360,526 1437,526 1514,528 1591,525 1668,528 1745,528 1823,528 1900,531 1977,534 2054,541 2131,549 2208,554 2286,567"/>
                <TextEquiv>
                    <Unicode>deser minder Civiert er Dnoch Das wert vßge¬</Unicode>
                </TextEquiv>
            </TextLine>
            <TextLine id="tr_2_tl_3" custom="readingOrder {index:3;}">
                <Coords points="741,657 1288,639 1518,715 1700,629 1860,695 1978,657 2191,683 2239,667 2239,597 1988,577 1930,529 1870,587 1782,535 1592,597 1544,553 1410,581 1352,531 1254,585 739,563"/>
                <Baseline points="752,635 826,634 901,628 975,626 1050,628 1125,627 1199,629 1274,631 1349,629 1423,626 1498,627 1573,629 1647,626 1722,628 1797,630 1871,632 1946,637 2021,636 2095,644 2170,657 2245,659"/>
                <TextEquiv>
                    <Unicode>theillt. Wie das bezuget die geschafft, In</Unicode>
                </TextEquiv>
            </TextLine>
            <TextLine id="tr_2_tl_4" custom="readingOrder {index:4;}">
                <Coords points="719,785 1057,737 1115,785 1202,731 1370,729 1452,789 1546,725 1884,781 1958,681 1360,683 1298,641 1230,683 965,625 919,669 721,677"/>
                <Baseline points="731,737 792,740 853,737 915,735 976,734 1037,733 1099,731 1160,730 1221,728 1283,728 1344,727 1405,725 1467,725 1528,722 1589,724 1651,725 1712,728 1773,731 1835,729 1896,727 1958,725"/>
                <TextEquiv>
                    <Unicode>den geschichten der xijb. am X cap:</Unicode>
                </TextEquiv>
            </TextLine>
            <TextLine id="tr_2_tl_5" custom="readingOrder {index:5;}">
                <Coords points="2171,775 2203,779 2229,773 2263,775 2267,667 2229,669 2219,663 2187,687 2173,685"/>
                <Baseline points="2185,740 2213,738 2242,737 2271,737"/>
                <TextEquiv>
                    <Unicode>Da</Unicode>
                </TextEquiv>
            </TextLine>
            <TextLine id="tr_2_tl_6" custom="readingOrder {index:6;}">
                <Coords points="735,889 965,827 1836,845 1902,893 2283,855 2281,753 2093,777 1992,697 1892,785 1546,725 1466,789 1270,739 1111,787 1057,739 979,795 735,795"/>
                <Baseline points="746,824 823,828 900,828 977,826 1054,826 1131,824 1208,828 1286,826 1363,826 1440,826 1517,826 1594,829 1671,832 1748,832 1826,832 1903,832 1980,837 2057,839 2134,841 2211,841 2289,847"/>
                <TextEquiv>
                    <Unicode>Petrus redet. Die wort von de Jesu Vasaren</Unicode>
                </TextEquiv>
            </TextLine>
            <TextLine id="tr_2_tl_7" custom="readingOrder {index:7;}">
                <Coords points="735,955 1538,929 1794,1021 1876,939 2215,987 2251,903 1904,893 1834,845 1544,895 1440,855 1159,887 1055,841 733,887"/>
                <Baseline points="746,925 821,925 897,922 972,919 1048,922 1123,921 1199,922 1274,921 1350,923 1425,925 1501,928 1577,926 1652,926 1728,936 1803,940 1879,937 1954,937 2030,939 2105,944 2181,946 2257,955"/>
                <TextEquiv>
                    <Unicode>vnnd dem glorwen Inn In Ist der hebben</Unicode>
                </TextEquiv>
            </TextLine>
            <TextLine id="tr_2_tl_8" custom="readingOrder {index:8;}">
                <Coords points="729,1073 1392,1029 1818,1043 1896,1093 1958,1043 2257,1059 2257,985 2109,1005 2043,949 1794,1015 1648,969 1354,977 1258,927 1161,985 847,937 729,991"/>
                <Baseline points="740,1027 816,1027 892,1027 968,1027 1044,1028 1120,1027 1196,1026 1273,1024 1349,1024 1425,1030 1501,1027 1577,1027 1653,1027 1729,1027 1806,1029 1882,1030 1958,1030 2034,1032 2110,1035 2186,1038 2263,1044"/>
                <TextEquiv>
                    <Unicode>geist, herab gefallen, wer alle die so da die</Unicode>
                </TextEquiv>
            </TextLine>
            <TextLine id="tr_2_tl_9" custom="readingOrder {index:9;}">
                <Coords points="707,1149 811,1137 885,1173 925,1141 957,1167 1003,1155 1039,1173 1147,1139 1185,1149 1185,1087 1047,1089 979,1061 961,1079 855,1093 707,1059"/>
                <Baseline points="719,1125 745,1125 771,1125 797,1127 823,1128 849,1128 875,1128 901,1128 927,1128 953,1128 979,1128 1005,1128 1031,1128 1057,1128 1083,1128 1109,1128 1135,1128 1161,1128 1188,1128"/>
                <TextEquiv>
                    <Unicode>wort herten</Unicode>
                </TextEquiv>
            </TextLine>
            <TextLine id="tr_2_tl_10" custom="readingOrder {index:10;}">
                <Coords points="1456,1197 1496,1210 1562,1151 1770,1131 1854,1183 1928,1141 1990,1183 2157,1185 2237,1133 2237,1069 2211,1057 2093,1089 2005,1081 1962,1041 1908,1093 1846,1053 1716,1095 1646,1093 1602,1049 1502,1083 1456,1059"/>
                <Baseline points="1468,1137 1506,1134 1545,1134 1584,1133 1622,1131 1661,1128 1700,1131 1738,1129 1777,1130 1816,1131 1855,1131 1893,1132 1932,1134 1971,1134 2009,1132 2048,1133 2087,1134 2125,1134 2164,1133 2203,1131 2242,1134"/>
                <TextEquiv>
                    <Unicode>Dann vss dem gehor¬</Unicode>
                </TextEquiv>
            </TextLine>
            <TextLine id="tr_2_tl_11" custom="readingOrder {index:11;}">
                <Coords points="749,1254 911,1228 1093,1290 1171,1242 1324,1280 2019,1242 2221,1282 2255,1115 2155,1185 1846,1185 1766,1133 1698,1189 1494,1214 1308,1181 1230,1109 1055,1183 825,1139 747,1171"/>
                <Baseline points="761,1224 836,1223 911,1225 986,1230 1061,1232 1136,1233 1211,1233 1286,1236 1361,1238 1436,1236 1512,1236 1587,1236 1662,1236 1737,1233 1812,1233 1887,1231 1962,1234 2037,1234 2112,1233 2187,1230 2263,1236"/>
                <TextEquiv>
                    <Unicode>Der vooren des glaubens den heiligen geist</Unicode>
                </TextEquiv>
            </TextLine>
            <TextLine id="tr_2_tl_12" custom="readingOrder {index:12;}">
                <Coords points="749,1338 1171,1388 1326,1346 1396,1406 1452,1354 1638,1334 2093,1348 2305,1406 2305,1268 2139,1314 1706,1244 1426,1290 1025,1288 839,1224 749,1256"/>
                <Baseline points="761,1322 838,1327 915,1331 993,1334 1070,1334 1148,1334 1225,1334 1303,1334 1380,1337 1458,1337 1535,1337 1612,1334 1690,1336 1767,1334 1845,1334 1922,1334 2000,1337 2077,1337 2155,1337 2232,1340 2310,1343"/>
                <TextEquiv>
                    <Unicode>Mittgethelt wintt zum Galatheern, am ii cap:</Unicode>
                </TextEquiv>
            </TextLine>
            <TextLine id="tr_2_tl_13" custom="readingOrder {index:13;}">
                <Coords points="743,1476 1061,1440 1185,1488 1230,1440 1352,1438 1452,1510 1522,1440 1738,1488 1904,1432 2119,1514 2295,1462 2251,1382 2049,1402 1834,1348 1664,1408 1564,1372 1181,1396 1069,1348 743,1390"/>
                <Baseline points="755,1424 832,1427 909,1427 986,1430 1064,1433 1141,1435 1218,1436 1296,1436 1373,1439 1450,1442 1528,1438 1605,1439 1682,1437 1759,1436 1837,1433 1914,1433 1991,1433 2069,1437 2146,1439 2223,1439 2301,1439"/>
                <TextEquiv>
                    <Unicode>vom spruch pauli vss. vnuerstand minnen gegen</Unicode>
                </TextEquiv>
            </TextLine>
            <TextLine id="tr_2_tl_14" custom="readingOrder {index:14;}">
                <Coords points="719,1586 883,1542 939,1594 1035,1560 1073,1598 1147,1558 1276,1594 1326,1546 1534,1582 1820,1542 1888,1592 2235,1548 2235,1492 2047,1506 1910,1450 1814,1496 1638,1466 1582,1510 1320,1452 1193,1496 1061,1440 925,1482 833,1438 719,1490"/>
                <Baseline points="731,1531 806,1536 881,1537 957,1537 1032,1540 1108,1541 1183,1543 1258,1542 1334,1543 1409,1543 1485,1543 1560,1543 1635,1542 1711,1540 1786,1542 1862,1541 1937,1543 2012,1543 2088,1543 2163,1543 2239,1537"/>
                <TextEquiv>
                    <Unicode>der grieischen sprach, Im wort vstheillung,</Unicode>
                </TextEquiv>
            </TextLine>
            <TextLine id="tr_2_tl_15" custom="readingOrder {index:15;}">
                <Coords points="707,1650 1924,1690 2051,1650 2153,1708 2243,1688 2243,1548 2151,1620 1802,1606 1694,1548 1208,1618 1035,1558 707,1598"/>
                <Baseline points="719,1645 795,1645 871,1644 948,1642 1024,1645 1101,1643 1177,1645 1254,1646 1330,1647 1407,1648 1483,1648 1559,1649 1636,1652 1712,1650 1789,1650 1865,1649 1942,1648 2018,1648 2095,1649 2171,1647 2248,1642"/>
                <TextEquiv>
                    <Unicode>Virt min mit bruder hie verant wurten so</Unicode>
                </TextEquiv>
            </TextLine>
            <TextLine id="tr_2_tl_16" custom="readingOrder {index:16;}">
                <Coords points="733,1826 951,1834 1045,1764 1222,1768 1276,1818 1432,1758 1604,1818 1654,1804 1654,1720 1536,1670 1328,1712 1210,1654 1057,1718 949,1652 905,1680 735,1656"/>
                <Baseline points="746,1758 791,1756 837,1755 882,1753 928,1752 974,1752 1019,1752 1065,1752 1111,1754 1156,1755 1202,1755 1248,1755 1293,1755 1339,1752 1385,1749 1430,1749 1476,1749 1522,1752 1567,1752 1613,1752 1659,1755"/>
                <TextEquiv>
                    <Unicode>Der sprach bass berichtet</Unicode>
                </TextEquiv>
            </TextLine>
            <TextLine id="tr_2_tl_17" custom="readingOrder {index:17;}">
                <Coords points="1292,1946 1344,1968 1388,1942 1580,1956 1618,1928 1788,1968 1830,1944 2025,1956 2025,1900 1970,1874 1884,1862 1834,1896 1582,1876 1450,1790 1344,1778 1292,1804"/>
                <Baseline points="1304,1931 1340,1929 1376,1929 1412,1930 1449,1928 1485,1931 1521,1933 1558,1934 1594,1934 1630,1934 1667,1937 1703,1937 1739,1937 1775,1937 1812,1937 1848,1937 1884,1935 1921,1932 1957,1931 1993,1930 2030,1928"/>
                <TextEquiv>
                    <Unicode>Indreas allthamer</Unicode>
                </TextEquiv>
            </TextLine>
            <TextLine id="tr_2_tl_18" custom="readingOrder {index:18;}">
                <Coords points="1320,2035 1404,2061 1494,2031 1534,2071 1660,2039 1832,2037 1878,2083 1924,2059 1924,1986 1716,1982 1624,1934 1580,1956 1532,1936 1440,1976 1320,1958"/>
                <Baseline points="1331,2027 1360,2024 1390,2024 1420,2024 1450,2025 1480,2027 1510,2029 1539,2029 1569,2027 1599,2029 1629,2030 1659,2030 1689,2030 1719,2030 1748,2030 1778,2030 1808,2029 1838,2027 1868,2027 1898,2026 1928,2024"/>
                <TextEquiv>
                    <Unicode>van Mursnbers</Unicode>
                </TextEquiv>
            </TextLine>
            <TextLine id="tr_2_tl_19" custom="readingOrder {index:19;}">
                <Coords points="747,2167 2177,2155 2177,2113 1982,2053 1858,2123 1698,2057 1426,2119 1214,2119 1135,2071 747,2085"/>
                <Baseline points="758,2149 829,2146 900,2146 971,2149 1042,2149 1114,2149 1185,2154 1256,2153 1327,2155 1398,2155 1470,2155 1541,2155 1612,2155 1683,2155 1754,2155 1826,2155 1897,2152 1968,2151 2039,2147 2110,2145 2182,2143"/>
                <TextEquiv>
                    <Unicode>Is Civirt vnns vmbillich zu trochen, von</Unicode>
                </TextEquiv>
            </TextLine>
            <TextLine id="tr_2_tl_20" custom="readingOrder {index:20;}">
                <Coords points="773,2269 1220,2253 1286,2297 1488,2253 1556,2297 1624,2249 1928,2247 2125,2299 2299,2257 2299,2167 2241,2141 2015,2201 1838,2159 1774,2201 1538,2165 1412,2211 1294,2153 773,2201"/>
                <Baseline points="785,2239 864,2245 944,2248 1024,2251 1104,2252 1184,2254 1264,2252 1344,2248 1424,2245 1504,2245 1584,2248 1664,2245 1744,2248 1824,2248 1904,2248 1984,2245 2064,2243 2144,2244 2224,2239 2304,2233"/>
                <TextEquiv>
                    <Unicode>minem her Doctor Ecolampado wir zichsen</Unicode>
                </TextEquiv>
            </TextLine>
            <TextLine id="tr_2_tl_21" custom="readingOrder {index:21;}">
                <Coords points="759,2411 963,2361 1177,2365 1242,2415 1332,2357 1500,2431 1632,2375 2089,2337 2311,2413 2331,2273 2073,2307 1894,2253 1556,2297 1406,2257 1097,2327 761,2269"/>
                <Baseline points="770,2346 848,2351 926,2353 1005,2355 1083,2355 1161,2356 1240,2355 1318,2356 1396,2361 1475,2356 1553,2351 1631,2348 1710,2349 1788,2347 1866,2348 1945,2342 2023,2340 2101,2337 2180,2337 2258,2332 2337,2322"/>
                <TextEquiv>
                    <Unicode>Die overst paulen 1a Epist: zijn Cherm: am &amp; cop:</Unicode>
                </TextEquiv>
            </TextLine>
            <TextLine id="tr_2_tl_22" custom="readingOrder {index:22;}">
                <Coords points="753,2459 925,2529 987,2469 1618,2499 2233,2449 2233,2389 2005,2351 1782,2427 1638,2377 1360,2439 1181,2367 1061,2435 951,2373 857,2425 753,2411"/>
                <Baseline points="764,2460 837,2457 911,2460 985,2457 1059,2460 1132,2463 1206,2463 1280,2463 1354,2464 1427,2463 1501,2463 1575,2462 1649,2460 1722,2457 1796,2457 1870,2454 1944,2450 2017,2445 2091,2440 2165,2436 2239,2439"/>
                <TextEquiv>
                    <Unicode>met formklich an wis sy lutend. Sag ich</Unicode>
                </TextEquiv>
            </TextLine>
            <TextLine id="tr_2_tl_23" custom="readingOrder {index:23;}">
                <Coords points="725,2575 949,2571 1035,2635 1175,2567 1464,2625 1726,2555 1836,2613 2329,2553 2331,2431 2253,2411 2039,2493 1492,2469 1348,2527 1149,2463 981,2529 727,2499"/>
                <Baseline points="737,2555 816,2555 896,2558 976,2557 1056,2558 1136,2555 1216,2555 1295,2557 1375,2560 1455,2560 1535,2558 1615,2552 1695,2549 1775,2548 1854,2552 1934,2552 2014,2546 2094,2544 2174,2536 2254,2530 2334,2522"/>
                <TextEquiv>
                    <Unicode>ob wir schen kam ysthafft hetten, Den Ersten</Unicode>
                </TextEquiv>
            </TextLine>
            <TextLine id="tr_2_tl_24" custom="readingOrder {index:24;}">
                <Coords points="735,2671 1051,2737 1204,2667 1310,2739 1388,2671 1680,2659 1874,2717 2045,2659 2331,2675 2331,2549 1934,2627 1752,2575 1572,2635 735,2609"/>
                <Baseline points="746,2663 825,2658 904,2657 984,2660 1063,2663 1143,2664 1222,2667 1301,2675 1381,2670 1460,2668 1540,2665 1619,2660 1698,2658 1778,2662 1857,2664 1937,2663 2016,2657 2095,2653 2175,2650 2254,2638 2334,2630"/>
                <TextEquiv>
                    <Unicode>einigen spruch so over er doch gevaletig gnug</Unicode>
                </TextEquiv>
            </TextLine>
            <TextLine id="tr_2_tl_25" custom="readingOrder {index:25;}">
                <Coords points="725,2812 979,2765 1270,2783 1372,2842 1582,2773 1938,2814 2271,2769 2251,2655 2171,2721 1916,2727 1798,2671 1638,2749 1448,2683 1310,2739 1202,2667 1055,2737 725,2681"/>
                <Baseline points="737,2758 813,2762 890,2764 967,2761 1044,2764 1121,2768 1198,2773 1274,2770 1351,2773 1428,2776 1505,2774 1582,2771 1659,2771 1736,2776 1812,2776 1889,2775 1966,2773 2043,2765 2120,2759 2197,2750 2274,2740"/>
                <TextEquiv>
                    <Unicode>zubavaren die vstheillung des lijbs vande</Unicode>
                </TextEquiv>
            </TextLine>
            <TextLine id="tr_2_tl_26" custom="readingOrder {index:26;}">
                <Coords points="725,2858 1013,2944 1125,2882 1175,2930 1242,2884 1986,2870 2053,2934 2209,2892 2275,2954 2317,2938 2317,2733 2241,2796 1972,2838 1520,2806 1450,2850 979,2765 725,2818"/>
                <Baseline points="737,2854 816,2858 895,2861 974,2866 1054,2866 1133,2869 1212,2869 1291,2872 1371,2872 1450,2870 1529,2869 1608,2866 1688,2866 1767,2868 1846,2874 1925,2869 2005,2863 2084,2858 2163,2851 2242,2841 2322,2836"/>
                <TextEquiv>
                    <Unicode>bluts Christi du abendmall bin onch gewust</Unicode>
                </TextEquiv>
            </TextLine>
        </TextRegion>
    </Page>
</PcGts>
