2479 3508
478 2076 669 2196 warmd
824 363 2267 571 Zertremungen vnnd secten machen In der
824 516 2332 673 Christenheit vnnd har fur zucht, Das sollichs
822 612 2341 745 bij Inen nit funden over des Dann sy allem Christe
805 717 2267 873 Jesum predegen, vnnd sy bij Inen kein wye
818 793 2251 940 noch kein man / konn het noch ken kuecht,
833 896 2347 1044 sounders siennd all eins Im herren, Herwiderum
816 996 2278 1145 bij vnnser kilchen, Da werden vill rottuijen
831 1082 2290 1242 gefunden, Mancken geistlich vnnd weltlich
833 1185 2284 1359 priester vnnd leijenn mengerleij orden Bar¬
810 1290 2251 1441 fuser Prediger vnnd meustmer, Die auch ein
807 1388 2186 1546 anndern toelichen, hassen, Eracht ich, er
805 1479 1514 1636 Crusse es by Im selber,
1690 1472 2261 1617 Was aber frundt
814 1567 2234 1743 schafft, vnnd lieben zwusthen Inenseles siend
828 1688 2303 1839 sowen an Ire verstrifften, So sy wider ein andern
839 1789 2288 1923 schreiben, derglichen doch, kein orden wider
818 1892 2274 1993 den anndern nie geschriben hat/ Er wellt vns
1814 1980 1938 2060 glijck
818 1990 2290 2133 Noch vern zuleggen, Das schon, herchelt orden,
807 2081 2240 2236 Inn der Christenheit, Das die selben int
818 2175 2269 2357 einen Christum bekantent, nit ein Christum
810 2272 2272 2435 predigoten, nit In einen Christum glouetenn
808 2385 2271 2553 Das doch wijt von der warheit ist, wie
822 2481 2261 2597 geben Im ouch gar midt nach, ob wir schon
814 2588 2267 2754 all glich allsamen / Als dan die götlich
801 2672 2280 2832 warheit ist, Alls eins Im herren sind Das
795 2737 2332 2938 Doch darumb int geistlich oder wellreich sind
