2479 3508
17 633 129 731 lchin.
17 800 125 877 per littres
23 852 121 948 Das #
19 942 119 1048 ond den
27 1048 138 1161 et de vous
23 1221 140 1323 inlich tien
25 1494 117 1634 den
27 2086 144 2213 t, bist
21 2000 165 2392 I.
21 2367 154 2486 schen, bitt
25 2455 163 2557 die wochen
1952 213 2153 315 124
865 171 1627 348 Die ander Oblus stad,
544 304 2130 500 gen als das wort der mentsthen, Aber als Er wirlich
558 429 2119 548 Ist, das wort gottes, werden die Thessalonicen fer
558 513 2098 644 gelobt von Paulo, das Oi Onie wort, die Er Inen¬
552 596 2140 731 gesagt het voorss. gott, angenomen hand, nitt als das
527 673 2034 777 wort der mentsthen, Ounder als dis getewort
556 756 2117 871 vnd Er Ist ouck nun ein glid der chrij tenheit, So
544 840 2146 963 vollen ouch all ander christen, billich das wort der ge¬
544 921 2194 1065 meinen christenheit, die man nampt die christen¬
546 1004 2221 1165 lichen kilchen, muamen, nitt als das mensthen wort
573 1081 1909 1236 Ounder als das wort des heiligen geists
946 1219 1559 1357 Berchtoldus Haller
556 1361 2140 1544 romen Christen, So man besicht den fuangelisten
556 1471 2140 1642 Johannem, am. xiiii. vnd. xvj. cap. ouch am xij.
550 1577 2057 1715 (So gefindt Es Sich, das wie wir eni gott hand)
556 1659 2190 1773 ein erloser, also ouch ein einigen lermeister vnd ter¬
540 1761 2130 1865 der massen das der heilig geist, nitt ein andre ler¬
556 1817 2230 1930 dann Christus gebert het, der kilchen gottes furtragt,
550 1888 2140 2040 des Ich mich lassen vff die Opruch des fuangelisten
548 1988 2065 2128 Salbs, worden solich Opruch gelesen, vnd witter¬
538 2044 2196 2207 Mathei am lesten, lerend Pi halten die ding, die Ich
540 2140 2159 2278 gebotten heb, Vff den andern Opruch der ingefurt
546 2250 2163 2405 Ist, ad Chimotheum, wie das die kirch gottes, Sie
558 2321 2155 2459 ein Aul vnde grundfeste der warheit, kan niemand
571 2421 2059 2548 vernemen, dann Si vff der warheit gottlichs
573 2457 2146 2623 worts bestat, gegrundt, vnd befestigt Ist, und
552 2582 2098 2738 nitt vff die Parzungen der menschen, vnd wir
565 2686 2119 2794 vns ein andre ler bringt dann christi, den sollen
552 2759 2105 2909 wir nitt horen. ij. fohamus, zum lesten haben
