2479 3508
22 589 104 698 I
22 1400 111 1587 præs. p
224 506 424 628 # also
180 1428 374 1591 pima
400 1402 500 1589 11
865 141 1591 280 Dio vwae Sluharen
1880 172 2043 291 229
530 226 2230 420 Das die ersthuning, een ommderbarlich verzucken
526 383 2243 535 pank gsin/ ist, duch hin Wundarbarliche effen,
515 467 2167 639 barmen der heimligkeit gottes vnd spricht Ich
500 543 2248 730 weissen das der selb. Monsten (sich verstande) verzuckt
522 661 2206 820 ist worden, biss In dritten hunell vnd overs doch
520 737 2195 919 Int ob es dem moustchen bestgechen ist, Im
515 846 2232 1019 heb oder vsserthalb dem bys In welchen worten
513 933 2174 1100 Grix gsechen, Das paulus die hunelschen liecht
528 1039 2167 1200 vnd freue die Im gott verlichen hatt seles, nit
1104 1128 2198 1274 Als ob Christus zu Im lijb¬
522 1141 972 1309 allso bedutett
526 1224 2200 1389 lich harab komen sy, vnd spricht wyter. Ich
520 1335 2189 1496 weiss ouch das er vergucht ist, In das paraes
550 1424 2222 1596 mijn ijt wussenbar, Das In das leblich para¬
548 1519 2198 1696 dys niemend mer kumpt Dan got hatt Das
524 1613 2215 1802 verschlossen, vnd verhut Das die monstchen int
548 1704 2204 1909 DarIn komen, generis in ca: deß hals para¬
546 1776 2182 2011 dyß an dyven ort genomen wirt, fuo freud vnd
989 1896 2206 2095 Welckes alles allein belvert, Das
548 1956 793 2109 vanne
541 2024 2191 2204 die erst houning Jesu Christi paulo besthechen
554 2102 2202 2317 int soll gemessen werden, Das Obristi lichnam
533 2193 2224 2378 darumb me dan an einem oxt sis, Van panens
543 2311 2209 2487 selbst exkent, Das er vff hin en hept, sie wuss doch
526 2424 2174 2578 int eigentlich ob es mit smem lyb, oder an smen
1372 2495 2198 2669 Also allem geistlich ist
537 2515 1189 2672 lyb, besthecken sie
550 2604 2195 2782 die ersthinung besthechen, das opt, Macher
874 2702 2098 2872 hie oder dort ist Christus soll
546 2748 852 2880 xviij sta:
546 2806 2132 2978 int een dem Sacrament verstanden werdenn,
