2479 3508
237 1720 413 1901 86
428 1745 539 1869 1
1251 122 1961 327 Die vi. Thlussredi
672 276 2344 428 Ist nitt das bewaren der zusamen komenden wisthof¬
667 391 2265 543 fen, Ounders dae bewaren aller recht glaubigenn,
669 479 2316 618 Die Bucher, dero kundtschaft wir nitt namen, In
667 567 2301 697 bewarnus der Ahwaren hauelen des gloubens ver¬
665 650 2295 802 werffen wir nitt, glich wie ouch die wider, In der
672 746 2325 875 tilchen mitt verworffen werden, So man aber ernst¬
663 830 2344 992 lick Dathen bezugen sol, minpt man Ir kundtschaft
657 920 2306 1061 nitt an, So nun dise disputation, Een zo gross an¬
663 1014 2280 1168 sa^cken hat, haben wie nach dem bruch aller gelarten,
652 1097 2256 1245 vnd gottsforchtigen, allein lissen die kundtschaft
635 1185 2331 1324 gelten, dit niemand verwerften mag, Nitt das In
644 1275 2269 1433 den Othriften, deven Pi Pich klagen, vijit bij-, Das
644 1356 2261 1533 Der predicanten Schlusstred mochte Ahwecherum,
659 1459 2288 1619 Ounders das man gewijsse ordnung hielte, wie vor
635 1574 2353 1717 gesagt, Der Epistel zu den Hebreern halb, Tagen wie¬
648 1638 2318 1784 das wir hie einem Jeden zin vrteil lassen, wer di ge¬
567 1722 2286 1865 sthriben hab, Ich fur min person, er kennen nitt anders
629 1816 2308 1948 dann das vi Pauli Sijr, vnd das von ettlicher Hebrais¬
629 1923 2325 2045 men wagen, ouch des geists halb, vnd der veste, So der
644 1998 2271 2113 heilig Paulus, In andren Epistlen hat, Jedoch Pi¬
642 2113 2267 2231 Oor wes di welke, So Ist Oi von den rechtglou bigen,
657 2207 2312 2333 allweg durck den geist erkendt, daer ende deswart gije,
644 2252 2312 2410 das man die Ahwaren Sachen des gloubens, vss. Iren
648 2359 2284 2487 kundtschaften moge bewaren, Vnd ob glich das op¬
642 2438 2301 2607 ferder Missz zu verwirften, grossen grund In der
650 2532 2280 2686 Epistel hat, So Ist doch In andren fprstlen Pauli,
644 2603 2353 2772 vnd Ruangelien, grundig uijt, dieselben zu verwarf¬
642 2714 2323 2874 fen, wie gnugsam gehort Ist, Von vil geschrib:
