2479 3508
969 148 1734 323 Die ander Schlusredi
681 284 2265 463 Ich fuij ein andre kilchen hab 1 Jann der Opruch hy
671 412 2304 539 Der ii. bant Peters, dag mijt anders, weder von der kilts¬
685 492 2311 644 en, die wir mitt einandren gemein haben, Ich hab ange¬
681 582 2286 716 zogen das Ort, Ich hab vijch vil zusagen, Er name die tilck
693 660 2282 809 wie Er wette, für ein gemeine versamming der glaubi¬
681 749 2274 883 gen, Oi 6ve In ier walt wo Cij welle, oder wir vor manigt
681 825 2294 973 mal angezougt ist, In einer Jeden Oundren gemein, ende
687 911 2286 1031 Ists doch, noch vss deheiner der andtwurten dargethin,
687 1018 2313 1123 das das wort vnd die verheissung christi, nitt hab mogende
693 1088 2290 1200 van Povil zitten har, als die christenheit gestanden ist,
671 1191 2284 1315 geleist werden, dann gelein durch das, So vorhin offentlich
687 1251 2315 1405 In der Schrift begriffen Ist, Ob Ihon gesagt sind ettliche
687 1335 2286 1481 zitt, daruff man fasten sol, nitt fleisch afsen soll, Oich
689 1426 2255 1551 von hochzitten, vnd Colichen dingen enthalten sol, Die
681 1514 2286 1627 Omnder straffen, sol de dese et cetera dese glicken, ende
681 1601 2294 1747 Omd doch dieselbigen alle In der gemein, In der Schrift
677 1677 2271 1827 gegründt. Mein aber, das Er nitt werde darbringen,
683 1765 2249 1907 das die heilig christenlich kilch, Solichs vff besunderen
700 1856 2284 2004 zitten, vint der Ordnung willen zuhalten, vnd von der
687 1930 2323 2070 trafnen vbertratter wagen, mitt hatt mogen seyen, In den
689 2014 2263 2167 Concilien, die da anzeigen die gemeinen christenheit
687 2111 2323 2245 durch eijgen verordnot bottsthaften, oder gesagt erwelt ober¬
687 2202 2321 2304 keiten, So doch der oberkeit, vnd besunders dem Concilio,
689 2298 2337 2403 zustat, das Oi fre vnderthan, nitt allein mitt liebe, gun¬
675 2376 2292 2508 ders onch durch forcht vnd straffen, triben moge, zu ei¬
681 2459 2331 2572 nem ordentlichen laben, vnd das bewat Ich durch Paulum
677 2549 2329 2685 In der. i. zu Chimotheo, am. v. peccantem coram omnibus
681 2636 2263 2767 argue, Die da Ounden, das oind, die da vuordenlick
689 2722 2278 2870 leiben, die Straff vor mencklichem, damitt die andren ein
677 2806 2265 2955 forcht haben, Oerglichen Ist ouch vor angezogen
