2479 3508
52 1475 146 1588 Jerman
19 2042 158 2225 wissel
23 2217 148 2323 In die ge
44 2307 156 2453 gett pnt
15 2415 167 2521 vormuht
25 2507 150 2657 Jacob Vo
19 2617 152 2703 armis diy
27 2794 127 2917 vijff
317 2271 417 2428 106
188 2551 450 2692 welcher
1884 196 2063 281 151
971 154 1680 356 die vierd steens reden
544 323 2086 525 Die bein In dem lijb der mutter zusamen gefugt
538 448 2173 613 werden. Der glugen wijssen wir mitt der werck
540 563 2134 708 pottes Ecclesiasten, am xi cap: sagt, min her
550 644 2140 840 Dabij Christus belibe bij der schrifft, allß sinem
544 761 2175 934 Wortt ist warhafft, so wir es aber int begriffen
565 856 2128 1019 sollende wir allen vnsern verstand, In die dienst¬
540 963 2132 1084 barken Christi vnndergeben zum Chorinthern In
544 1061 2215 1225 Der andern Epistell: am x cap: Dann vill so 10
546 1152 2138 1319 wir nitt gleiben wurduit werden wir mitt ver¬
1507 1265 2119 1386 Dann allss hunell
561 1254 1377 1400 stan Esaie am vii cap:
561 1342 2100 1511 vnnd erden sind vnderscheiden, Allso ouch vnser
567 1450 2211 1619 gelancken vnnd die wes des Herren Esaie: lv cap:
583 1544 2207 1713 Ann ist nechtig angezogen der spruch Johannes
567 1644 2090 1815 am vi tap: Das brot welches ick heben wint, Ist
571 1755 2069 1921 min fleisch, welches ich geben wirt fur das
561 1859 2209 2015 leben, der weld, solle int gecheilt werden, vermein¬
567 1946 2144 2105 aber ick, sollichs recht beschechen. Diewel das
550 2048 2144 2190 wortly dabo. Das ist ick wird hebben zweijmall
546 2136 2107 2300 da stand, will ick allso, das das brot, so er fur
571 2219 2184 2369 vns hatt gebenn In toe fur das leben, der wellen
581 2330 2082 2488 Wen dasselbigen hab er vnns zu essen Ingesetzt
588 2421 2098 2592 vnnd beuelchen litt des worts Lucae am
565 2553 898 2686 deij cap.
934 2528 2140 2661 Das ist min lib der fur vrih
586 2611 2205 2767 gegeben ooirdert vnnd nitt wie der aunder punckt
583 2719 2130 2888 Inn disem spruch luttet, van dem ertodten lijb
