2479 3508
297 1194 471 1348 Elle
138 1415 366 1555 204
2057 138 2199 211 272
1132 142 1726 335 Die vj. Chlussved,
549 295 2201 434 ermanninge haben, Wer doch niet Colicks ansachens sind
547 405 2090 533 wo man vom glauben handlen wil, das man vsch
549 485 2210 589 Volchen buijchern, kundtsthaft namen soll, Die neut
531 570 2115 704 man Opocrijpha, vnd darmich hat sich der Jhul:
547 642 1561 779 meister wit zubeklagen 27
1117 731 1749 902 Johannes buchstab
535 909 2112 1101 Die wil wir Christen sind, sollen wir uns des be¬
508 1047 2117 1202 helften, Op die schwistenlich kilch boucht, vnd so
543 1132 2067 1256 wir von derselbigen wurden tratten, wusten wir
535 1218 2164 1336 nitt, welich ffuangelig, wie solten halten, So doch
537 1320 2170 1458 erfunden wirdt, das wel zachen haben Euangelia
527 1406 2160 1563 gosthriben, vnd die So de Pagen, das Aporalipsis,
535 1487 2115 1658 nitt sije Johannis des kuangelisten, die Oagen
529 1588 2110 1739 Louch, das die Epistel zu den Aebreern, nitt Pauli
539 1673 2022 1828 sijn, vsz. welicher Epistel, vnser gegen prothij,
527 1751 2071 1892 nach Irem verstand, allen grund het wider die
527 1844 1629 2024 Mass. das Si nitt ein opfer sijl.
1057 1984 1927 2139 Meister Vlrich Zwinghij
589 2094 2185 2319 Dir brucken gern, das die christenlich tilch brucht,
508 2255 2110 2428 Aber Jedes In sinem ward, Es sind bucher Im
525 2336 2127 2511 alten testament, wel ich die kinder Fragels, In
531 2437 2115 2612 der Sum und zal der heiligen Othrift, nie haben
535 2515 2048 2680 angenomen, vijit zu bewijren ende, wie vor durch
520 2610 2108 2798 Oecolampadium geredt Ist, Also sind ouch In dem
502 2703 2156 2837 nuwen testament, Die bewaerung der kilchen,
