2479 3508
163 2091 477 2242 A τονέυμαται
194 2708 356 2884 183
1014 123 1811 307 Die funfte Schlußredi
646 276 2315 452 dem herren, vnd hand gefastot, het gesprochen der
665 385 2319 525 heilig geist, Oundret mir Garrabam vnd Oaulum
655 481 2302 592 In das werck zij welchem Ich Oi berust hab, Hie
669 552 2296 707 mag nitt anders formcklich nach der Schrift darge¬
673 646 2315 788 ben werden, Als wir hoffen, dann allein das opfer¬
665 730 1010 862 Der Mäsß.
1522 755 1619 839 12
985 828 1677 1014 Martinus buzer
696 993 2196 1188 Noch Staten der Dilo gismus, das nitt goopfrot
2219 1081 2315 1257 16
678 1136 2164 1276 werden mag Oarnis ob schon Othrist vsbracht
671 1232 2171 1389 werden mocht, die glich die widergedachtnis om
669 1311 2242 1468 opfer nennet, das doch gar nitt Ift, noch danocht
642 1418 2271 1573 mocht man nitt sagen, eygentlich daruon zureden,
2083 1525 2198 1564 .. 0
650 1502 2192 1669 das die wassmacher opfroten, Das opt xiii.
629 1596 2311 1715 ontorum, angezogen, das lutet also, als Ou aber dem
642 1683 2277 1838 herren dienoten vnd fastoten, dat nitt opfroten,
669 1792 2200 1939 Dann grece haben wir Arrvoorzworuop das heeft
642 1874 2221 2022 nitt, als di opfroten, Wir haben ad Hebreos. etc.
652 1970 2305 2125 kind ende mitt all dienstbarliche geist, Da haben wir
629 2064 2277 2208 grece Anoverman, Da wurdt sich gar wel vinnen
652 2156 2298 2275 welt man es vertolmetsthen, opferliche geist, Der¬
632 2242 2290 2409 glichen haben wir zum Romern, von dem wiltlichen
611 2334 2246 2501 gwalt, das er ein dienerin sije des herren, zij den
629 2426 2173 2604 Romern xiii. da haben wir ouch, Αειτουριοι.
1140 2589 1711 2731 gidius muerer,
615 2729 2290 2970 Das Er opricht, der Silogismus gije nitt vfgolost,
