2479 3508
689 203 2337 437 Viertuw xxi cap: stat, wesen das nachlassen
1234 367 1943 564 pfarrer v. 8. 9.
843 478 2308 685 Off die frag antwort is, Das das nur the¬
740 633 2323 777 seament sie verzuthung vnd nachlassinnen der
740 744 2343 912 sunde Im blut Jesu Christi, wie Da stat 1a Jors
726 843 959 966 No Capr.
1314 828 2267 1023 das blut Jesu weniger vns
740 912 1492 1084 een vunseren sunden
1369 1041 1753 1212 vingh
795 1146 2353 1363 Soum Das thestament, ist die frije nachlossingen
732 1306 2349 1455 der soude so ist schon erfochten, vnne vnnsere bruij
744 1390 2351 1540 der gewusst gemacht, Das so hie stat, das tranck
738 1488 2353 1634 ist, Das nuw thestament, das vranck int das
732 1576 2351 1757 thestament ist. Darusz sy dann erlernen, Das das
705 1691 2251 1814 wort tgestament, an dem ext rees viel ist alles
717 1796 1484 1933 Zeichen des thestaments
1212 1900 1868 2091 pfarrer vous. g.
793 1962 2323 2196 Das das trank int sis das to nieuw thestamentl.
738 2126 2335 2290 soll darby verstanden werden vnd zugesetzt In nu¬
726 2218 2323 2392 nem blut Dan sollichen verstand gar haee vnd
711 2325 2232 2495 klar, gipt nachens so er sagt, das ist min
705 2429 2314 2560 blut des muwen thestaments welches ver¬
728 2532 2327 2700 gossen wirt, zu verzichung der sund Darumb
728 2616 2347 2751 nochmals der handele nit brobert oder der spruch
679 2714 2310 2884 o Macher mitt gnugsam exklart, alls vnser her¬
746 2815 1535 2983 vnnd bruder vermeint
