2479 3508
18 222 133 351 werk
34 356 131 497 per
26 436 214 582 Fol. Crrædents
22 562 166 650 acramt.
1135 103 1703 267 Die viere sthlußerge
1953 162 2081 244 165
1065 206 1804 390 Pfarrer von Santg:
669 331 2135 487 Off amitwint mins hern doctors wer die
661 446 2125 590 wert, egathei, vnd pauli behert, er sollichs Im
679 519 2105 673 vi cap: anzogt recht verstanden werden, des
669 614 2196 764 pents vnnd puncts byn ick ouch wie voor ange¬
691 699 2137 856 Zoigt ist. Das wer min her Doctor, keen ander
687 808 2202 957 & schrifft wer die wortt des nachtmalls fur¬
685 899 2188 1069 bringt Dieselbigen zu verduncklen faempt
669 990 2163 1166 much int ovenig Das er sycken in last zu der
675 1081 2212 1265 erklärung des worts Sacramentum ist mengk¬
667 1188 2163 1341 lichem der ystchrifft geubt, offenbar, Das wir
650 1260 2246 1428 kein pott, Das des herren wort des nachtmals
642 1357 2268 1557 fur ein Sacrament (wiesen es hallen) benampfen
671 1473 2256 1652 sollenn, sollichs ist vns ouch freij zu nampfen, alls
654 1570 2224 1743 sein thestament Christi des herren abendmael vnd
648 1683 2182 1830 Der gleichen, vff die Infierung vom touff hatt
648 1739 2214 1939 derselbigen lutt vnnd verheissung gotes sin vstrincklich
667 1866 2220 2028 in setzung. Herwiderumb das nachtmall des
642 1972 2180 2121 hern, mitt halen, starcken v/ geruckten wortenn
642 2058 2210 2220 Wisweel ick mich vmb Das wortt Sacrament
654 2163 2212 2325 mit In lassen wirt vermocht Im woll dargegen
648 2266 2184 2442 werffen. Das wortt geheim mij oder das wort
1814 2380 2163 2501 Welches
642 2371 1650 2529 nu sterin. Das wort Sacramentum
632 2452 2149 2626 Da ist Christus zum Collocensern am 1 cap: min
636 2553 2234 2737 her Doctor Vleefallengklicgh bassz weijss den vnder¬
642 2644 2246 2816 scheid der Sacramenten in uuwen vnnd allten
628 2747 2218 2923 thestament, welches Im allen thestament
