2479 3508
174 807 310 956 28
1971 149 2116 280 28½
1066 147 1779 364 Die vii. Schlusseredi
517 282 2057 472 fagfür erliden mag, dann uijt verdam lichs Ist,
535 408 2053 519 an denen, die In Christo refusind, Ist Baum mijt
537 525 2049 647 verdamlich an Inen, So wirdt ouch mijt peinlichs,
535 584 2128 754 oder straffwirdigs an Inen zijn, Ad Romanos viijo.
541 692 2059 823 Is erfindt sich ouch mitt dehenier Schrift, Das
498 770 2089 925 vordermentschwerdung Christi, Een fugfur gij¬
515 866 2134 1029 gesin, Noch vil minder, so, fe mitt einem sterben,
1260 964 1446 1031 ^ ouch
523 962 2116 1119 vns erlost het, Es Ist, Christenlicher liebe wider¬
509 1056 2098 1211 wartig, Dann all todten dienst, Es Oijen Delmas¬
535 1160 2134 1336 sen, vigilien, korzen, mogalen, beschijchen van:
521 1250 2157 1428 glich, mitt annoming der personen, vil richtich er
529 1346 2112 1522 vnd vberflijssiger den Richen, weder den Ormann,
502 1440 2030 1614 Es volgte ouch, das die winnen, Ein hindernus
529 1534 2030 1718 hatten, In das Rich gottes zukomen, durch solche
541 1622 2167 1795 todten dienst, vmb fr armit willen, Carzu macht
519 1714 2124 1877 das faijfur verdachtlich, das die werck, So ts lösthen
531 1820 2034 1965 sollen, alle mitt gelt erkouft mussen werdenn
517 1920 2108 2065 vnd namlich von den ffasten, Damitt mengem
519 1957 2163 2175 armen, das brot vor dem mund abgesthuitten wirdt,
549 2106 2167 2273 wir wollen aber hiemitt, nitt abgesteekten habenn,
523 2212 1996 2369 dis do ein Christen von diser zitt berust wirdt
519 2288 2112 2463 christenlich vnd zimlich bestattot werde, wie ouch
517 2390 2040 2561 Abraham, sin hußfrowen Caram, Joseph gin
525 2506 2036 2651 vatter Jacob, und derglichen, Ooch vermitten allen
515 2598 2065 2743 pracht vnd vnkosten, Also haben wir bij diser
531 2684 2071 2841 Ethlussred gelert, Das den gloubigen, nach frem¬
