2479 3508
2015 149 2141 256 30.
1180 149 1905 362 Die viii. Schluskredi
580 301 2165 468 an kein ort, da Oi der vererung halb, einigen anzug
570 411 2135 533 guben, Carzu Ist die clarheit gottes worts, Also
576 495 2184 635 an allen Acten ersthinen, das Sich an Dero abthum
586 590 1563 716 wenig niet verergren,
1848 613 2293 810 Mitt Curfino
1103 690 1807 832 Eheobaldus hüter,
586 853 2133 1007 Das anritten der Christenlichen Kilchen, abzitun die
576 954 2212 1097 Bilder, Ist oft vorhanden gesin, In vergangner zit,
586 1048 2202 1148 Ooch allwag nach gemeiner christenlicher kilchen
598 1154 2175 1262 bliben, Der Opruch, Co hutt meister frang Inge¬
568 1213 2139 1325 furt, wider die biltnus, lutend, On solt dir nitt
562 1300 2141 1441 machen werden, ein gegraben gesthuijt bild, ouch
586 1406 2066 1522 nitt alle glichnus, die da Ist Inde himel is, So
582 1463 2167 1602 man besicht den beschluss diser red, so resoluiert
576 1553 2114 1671 Er sich Delber, nitt zu gan vff vnser bild, To fr
562 1654 2173 1783 Opricht, du wirst Si nitt anbatten, must ein uw¬
582 1734 2192 1876 rachtiger mentsch zin gefin, der da holtz oder Item,
586 1817 2184 1970 für Onien gott hatt gehept, vnd Inen also gottlich
576 1907 2186 2049 Er bewisen, dann anbatten gehort allein gott zu,
586 1988 2104 2133 zu mercken Ist bij den bilderen, so man een bild
582 2068 2123 2220 anbattet, als die heiden haben gethan, die das fur
574 2163 2092 2295 Ire gutter haben gehapt, Rat vnd hilff von Juen
576 2249 2090 2373 eruordert, Als ob das holg oder Stein, fin helften
566 2326 2143 2452 mochten, oder Credituren die dadurch bedutot wer¬
560 2426 2123 2556 den 1 Als suppitor vnd siercules, Also ool man
560 2519 2127 2635 Degenie haben, dann es ware abgotterij, Es hat
562 2597 2090 2737 durch de hem Christ als Ich hoff, die bilder nie gese
568 2672 2177 2835 gehapt, is. Een Opruch huijtt ingefurt, Oautro¬
537 2768 2139 2908 nomij, iiij. Ir wollen flissig huten uwer Selenn
