<?xml version="1.0" encoding="UTF-8" standalone="yes"?>
<PcGts xmlns="http://schema.primaresearch.org/PAGE/gts/pagecontent/2013-07-15">
    <Metadata>
        <Creator>prov=READ-COOP:name=TrHtr:version=2.41.0:model_id=51170:date=09_03_2026_17:23</Creator>
        <Created>2026-01-27T10:33:57.585+01:00</Created>
        <LastChange>2026-03-09T17:23:46.834+01:00</LastChange>
        <TranskribusMetadata docId="13922579" pageId="112790130" pageNr="223" status="IN_PROGRESS" userId="537" imgUrl="https://files.transkribus.eu/Get?fileType=view&amp;id=KRJEUTXXGDYDELSCPBLPGTGY" imageId="95349220"/>
    </Metadata>
    <Page imageFilename="112790130.jpg" imageWidth="2479" imageHeight="3508">
        <TextRegion orientation="0.0" id="tr_1">
            <Coords points="740,458 740,3069 2310,3069 2310,458"/>
            <TextLine id="tr_1_tl_1" custom="readingOrder {index:1;}">
                <Coords points="774,529 1052,552 1125,517 1227,567 1287,523 1430,552 1639,504 1714,552 2079,511 2189,542 2239,471 1693,432 1374,484 1266,423 955,471 828,374 772,405"/>
                <Baseline points="785,513 857,510 930,510 1003,510 1076,510 1149,513 1222,513 1294,513 1367,510 1440,510 1513,510 1586,510 1659,510 1732,513 1804,513 1877,513 1950,516 2023,518 2096,519 2169,522 2242,525"/>
                <TextEquiv>
                    <Unicode>Den Houten min am xviij hott eus</Unicode>
                </TextEquiv>
            </TextLine>
            <TextLine id="tr_1_tl_2" custom="readingOrder {index:2;}">
                <Coords points="772,670 975,616 1363,658 1455,618 1542,674 1629,621 2272,647 2272,556 2221,523 2075,567 1998,517 1930,567 1859,521 1793,575 1496,523 1444,569 1173,587 772,550"/>
                <Baseline points="782,623 856,618 931,618 1006,615 1081,618 1155,620 1230,619 1305,618 1380,618 1454,616 1529,615 1604,612 1679,618 1753,618 1828,618 1903,616 1978,614 2052,615 2127,615 2202,615 2277,618"/>
                <TextEquiv>
                    <Unicode>guen, allen verheissen, mit dis schlijsselen</Unicode>
                </TextEquiv>
            </TextLine>
            <TextLine id="tr_1_tl_3" custom="readingOrder {index:3;}">
                <Coords points="764,786 890,728 1011,799 1168,730 1812,780 1888,733 2283,753 2229,650 1971,722 1749,631 1482,714 1212,620 1131,668 917,620 762,676"/>
                <Baseline points="773,734 848,726 924,724 999,725 1075,724 1151,725 1226,725 1302,725 1378,728 1453,727 1529,728 1605,728 1680,732 1756,734 1832,733 1907,734 1983,734 2059,734 2134,735 2210,737 2286,740"/>
                <TextEquiv>
                    <Unicode>sonders binden vnnd entbinden, Dennen har</Unicode>
                </TextEquiv>
            </TextLine>
            <TextLine id="tr_1_tl_4" custom="readingOrder {index:4;}">
                <Coords points="731,874 876,841 934,894 996,838 1272,830 1390,868 2009,836 2198,896 2279,859 2277,751 1988,809 1365,728 1226,801 1009,799 955,745 730,778"/>
                <Baseline points="740,838 817,836 894,835 971,835 1048,832 1125,832 1202,832 1280,829 1357,830 1434,832 1511,832 1588,832 1665,832 1742,831 1820,832 1897,832 1974,835 2051,838 2128,835 2205,836 2283,841"/>
                <TextEquiv>
                    <Unicode>muß er int Dorumb allein ein huit sin</Unicode>
                </TextEquiv>
            </TextLine>
            <TextLine id="tr_1_tl_5" custom="readingOrder {index:5;}">
                <Coords points="780,969 1606,951 1691,1000 1739,951 1909,948 2221,1004 2221,892 2150,849 2046,911 1797,845 1411,892 1287,838 1224,896 973,919 874,847 780,876"/>
                <Baseline points="791,946 862,950 934,946 1006,947 1078,942 1150,943 1221,943 1293,940 1365,943 1437,943 1509,940 1580,943 1652,943 1724,943 1796,944 1868,946 1939,946 2011,946 2083,946 2155,946 2227,943"/>
                <TextEquiv>
                    <Unicode>Dornub Das er ein furnemer ist</Unicode>
                </TextEquiv>
            </TextLine>
            <TextLine id="tr_1_tl_6" custom="readingOrder {index:6;}">
                <Coords points="805,1079 888,1069 944,1121 1006,1060 1185,1108 1365,1060 1490,1112 1585,1054 1810,1054 1922,1114 2036,1056 2194,1133 2270,1089 2243,1007 2034,975 1976,1019 1905,950 1683,1019 1378,961 1154,1019 805,984"/>
                <Baseline points="815,1056 891,1053 968,1054 1045,1053 1122,1053 1198,1050 1275,1050 1352,1053 1429,1053 1506,1053 1582,1050 1659,1053 1736,1053 1813,1053 1890,1050 1966,1053 2043,1056 2120,1053 2197,1056 2274,1056"/>
                <TextEquiv>
                    <Unicode>Alß In eine krieg, ein obrester, Heupt¬</Unicode>
                </TextEquiv>
            </TextLine>
            <TextLine id="tr_1_tl_7" custom="readingOrder {index:7;}">
                <Coords points="774,1183 984,1168 1065,1222 1289,1166 1978,1168 2173,1251 2277,1206 2254,1094 1942,1133 1862,1079 1706,1137 1590,1054 1366,1125 1114,1077 980,1129 774,1108"/>
                <Baseline points="785,1164 859,1162 934,1164 1009,1164 1084,1164 1158,1160 1233,1155 1308,1158 1383,1161 1457,1161 1532,1164 1607,1162 1682,1164 1756,1164 1831,1164 1906,1167 1981,1167 2055,1170 2130,1170 2205,1172 2280,1176"/>
                <TextEquiv>
                    <Unicode>man ist Izt uit Das ander heuptlut</Unicode>
                </TextEquiv>
            </TextLine>
            <TextLine id="tr_1_tl_8" custom="readingOrder {index:8;}">
                <Coords points="766,1293 868,1289 965,1353 1044,1297 1102,1347 1289,1289 1438,1336 1642,1289 2028,1301 2090,1347 2237,1307 2235,1224 2025,1254 1926,1191 1818,1233 1604,1162 1529,1233 1229,1181 1119,1253 1013,1195 766,1245"/>
                <Baseline points="776,1277 849,1274 922,1274 995,1274 1068,1274 1141,1275 1214,1278 1288,1280 1361,1277 1434,1279 1507,1283 1580,1280 1653,1283 1726,1284 1800,1289 1873,1292 1946,1289 2019,1289 2092,1292 2165,1289 2239,1289"/>
                <TextEquiv>
                    <Unicode>onch sijne Allsz. Dan Im Enangelio</Unicode>
                </TextEquiv>
            </TextLine>
            <TextLine id="tr_1_tl_9" custom="readingOrder {index:9;}">
                <Coords points="757,1461 859,1395 1094,1384 1349,1395 1407,1449 1484,1401 1639,1395 1695,1444 1752,1403 1835,1455 1915,1401 2260,1411 2258,1345 2181,1301 2100,1363 1924,1347 1866,1289 1805,1351 1712,1297 1639,1363 755,1318"/>
                <Baseline points="767,1394 841,1384 916,1382 991,1384 1066,1383 1141,1382 1215,1385 1290,1386 1365,1388 1440,1388 1515,1391 1589,1394 1664,1396 1739,1398 1814,1400 1889,1394 1963,1395 2038,1394 2113,1394 2188,1390 2263,1391"/>
                <TextEquiv>
                    <Unicode>Centurio ein Hauptman ist gsin vnnder¬</Unicode>
                </TextEquiv>
            </TextLine>
            <TextLine id="tr_1_tl_10" custom="readingOrder {index:10;}">
                <Coords points="774,1523 1206,1498 1380,1592 1469,1515 1579,1585 1903,1511 2252,1561 2262,1430 1911,1403 1808,1465 1747,1407 1490,1465 1254,1417 1158,1451 1048,1388 772,1471"/>
                <Baseline points="782,1492 856,1492 930,1490 1005,1492 1079,1492 1153,1493 1228,1495 1302,1497 1376,1498 1451,1498 1525,1500 1599,1501 1674,1504 1748,1508 1822,1504 1897,1507 1971,1507 2045,1510 2120,1510 2194,1510 2269,1510"/>
                <TextEquiv>
                    <Unicode>Inn andern heuptman Ist voor de ster¬</Unicode>
                </TextEquiv>
            </TextLine>
            <TextLine id="tr_1_tl_11" custom="readingOrder {index:11;}">
                <Coords points="741,1631 1546,1623 1760,1708 1884,1635 2279,1660 2277,1586 2144,1586 2017,1507 1882,1558 1760,1527 1683,1594 1480,1548 1224,1592 961,1498 741,1569"/>
                <Baseline points="752,1606 828,1608 905,1606 981,1606 1058,1603 1134,1606 1211,1610 1287,1612 1364,1612 1440,1615 1517,1618 1594,1621 1670,1627 1747,1626 1823,1624 1900,1626 1976,1626 2053,1621 2129,1621 2206,1621 2283,1621"/>
                <TextEquiv>
                    <Unicode>minder ein heuptman psin, Daman¬</Unicode>
                </TextEquiv>
            </TextLine>
            <TextLine id="tr_1_tl_12" custom="readingOrder {index:12;}">
                <Coords points="753,1776 870,1731 965,1781 1326,1735 1392,1795 1461,1733 1861,1781 2026,1743 2108,1822 2179,1776 2287,1805 2285,1664 2044,1695 1884,1635 1766,1712 1546,1623 1465,1666 1098,1617 967,1677 751,1654"/>
                <Baseline points="761,1731 837,1726 913,1724 990,1725 1066,1720 1143,1722 1219,1723 1295,1725 1372,1727 1448,1728 1525,1728 1601,1733 1677,1738 1754,1740 1830,1743 1907,1744 1983,1743 2059,1743 2136,1743 2212,1741 2289,1740"/>
                <TextEquiv>
                    <Unicode>har gnuchsamlich darthau isst, wissende</Unicode>
                </TextEquiv>
            </TextLine>
            <TextLine id="tr_1_tl_13" custom="readingOrder {index:13;}">
                <Coords points="762,1901 1007,1920 1119,1853 1355,1845 1513,1886 2221,1855 2221,1801 2108,1822 2046,1764 1907,1843 1768,1787 1640,1822 1542,1749 1393,1799 1289,1733 1185,1806 867,1737 762,1785"/>
                <Baseline points="773,1854 845,1848 918,1846 991,1846 1063,1848 1136,1853 1209,1848 1281,1848 1354,1845 1427,1845 1500,1848 1572,1849 1645,1854 1718,1856 1790,1857 1863,1857 1936,1857 2008,1857 2081,1855 2154,1851 2227,1848"/>
                <TextEquiv>
                    <Unicode>9 schrifft Das Dem petro alsß ein</Unicode>
                </TextEquiv>
            </TextLine>
            <TextLine id="tr_1_tl_14" custom="readingOrder {index:14;}">
                <Coords points="747,1959 1098,1957 1226,2030 1357,1957 1644,1971 1702,2026 1795,1971 1889,2040 1961,1978 2277,1982 2233,1861 2111,1911 2019,1859 1870,1916 1805,1876 1600,1916 1357,1841 1216,1913 849,1922 803,1880 747,1920"/>
                <Baseline points="758,1952 834,1949 910,1950 986,1952 1062,1955 1138,1956 1214,1960 1290,1958 1366,1955 1442,1955 1519,1958 1595,1961 1671,1962 1747,1964 1823,1963 1899,1964 1975,1966 2051,1969 2127,1971 2203,1964 2280,1961"/>
                <TextEquiv>
                    <Unicode>furnemer Insonders verheissen soude Die</Unicode>
                </TextEquiv>
            </TextLine>
            <TextLine id="tr_1_tl_15" custom="readingOrder {index:15;}">
                <Coords points="786,2121 948,2063 1029,2119 1123,2071 1947,2108 2304,2075 2302,1959 2102,2036 1778,2061 1530,1957 1357,1959 1243,2038 1054,1967 969,2028 784,1984"/>
                <Baseline points="797,2071 872,2063 948,2064 1023,2065 1099,2070 1175,2071 1250,2074 1326,2072 1402,2076 1477,2074 1553,2074 1629,2076 1704,2078 1780,2077 1856,2080 1931,2082 2007,2083 2083,2083 2158,2081 2234,2080 2310,2074"/>
                <TextEquiv>
                    <Unicode>schlusselle vnnd een anndern nit Oost¬</Unicode>
                </TextEquiv>
            </TextLine>
            <TextLine id="tr_1_tl_16" custom="readingOrder {index:16;}">
                <Coords points="747,2191 1007,2179 1073,2235 1166,2202 1368,2250 1527,2187 1698,2248 1849,2194 1940,2235 2295,2189 2293,2098 2237,2092 2084,2156 1936,2096 1689,2140 1623,2077 1297,2133 1092,2140 948,2063 878,2137 747,2108"/>
                <Baseline points="758,2170 835,2167 912,2168 989,2167 1066,2170 1143,2174 1220,2177 1297,2182 1374,2182 1451,2182 1528,2182 1605,2182 1682,2187 1759,2185 1836,2188 1913,2188 1990,2191 2067,2191 2144,2191 2221,2186 2298,2179"/>
                <TextEquiv>
                    <Unicode>kunder gewallet, zebinden vnnd zu entbinden</Unicode>
                </TextEquiv>
            </TextLine>
            <TextLine id="tr_1_tl_17" custom="readingOrder {index:17;}">
                <Coords points="1191,2418 1235,2441 1366,2395 1538,2412 1683,2382 1781,2422 1787,2248 1714,2262 1666,2223 1548,2330 1471,2287 1419,2322 1289,2231 1251,2256 1197,2235"/>
                <Baseline points="1201,2405 1230,2403 1259,2398 1289,2392 1318,2388 1347,2385 1377,2385 1406,2385 1435,2385 1465,2385 1494,2385 1523,2385 1553,2385 1582,2384 1611,2382 1641,2380 1670,2379 1699,2379 1729,2379 1758,2381 1788,2385"/>
                <TextEquiv>
                    <Unicode>Wirchtoldus</Unicode>
                </TextEquiv>
            </TextLine>
            <TextLine id="tr_1_tl_18" custom="readingOrder {index:18;}">
                <Coords points="753,2540 969,2577 1156,2540 1214,2586 1280,2542 1357,2588 1422,2530 1932,2580 2164,2523 2299,2580 2299,2459 2223,2486 2055,2401 1911,2443 1835,2399 1666,2494 1411,2440 1266,2474 1000,2358 838,2407 753,2372"/>
                <Baseline points="764,2534 841,2532 918,2534 995,2531 1072,2532 1149,2531 1226,2531 1303,2529 1380,2529 1457,2531 1534,2529 1611,2528 1688,2530 1765,2531 1842,2533 1919,2534 1996,2534 2073,2526 2150,2522 2227,2522 2304,2528"/>
                <TextEquiv>
                    <Unicode>Meister Jacob Vlver aed ist So vn¬</Unicode>
                </TextEquiv>
            </TextLine>
            <TextLine id="tr_1_tl_19" custom="readingOrder {index:19;}">
                <Coords points="789,2658 979,2646 1094,2704 1173,2644 1419,2694 1513,2636 1974,2681 2121,2634 2248,2677 2221,2553 2007,2609 1882,2571 1650,2600 1585,2536 1444,2536 1359,2590 1278,2544 1098,2611 791,2551"/>
                <Baseline points="800,2633 872,2641 945,2643 1018,2642 1090,2645 1163,2645 1236,2646 1308,2641 1381,2636 1454,2634 1527,2633 1599,2633 1672,2634 1745,2636 1817,2636 1890,2637 1963,2639 2035,2637 2108,2633 2181,2636 2254,2639"/>
                <TextEquiv>
                    <Unicode>vss tragen, Das sij kemer antwint be¬</Unicode>
                </TextEquiv>
            </TextLine>
            <TextLine id="tr_1_tl_20" custom="readingOrder {index:20;}">
                <Coords points="799,2746 1083,2797 1139,2750 1229,2762 1370,2829 1588,2758 1642,2810 1731,2760 2011,2756 2086,2797 2196,2762 2196,2671 2115,2634 2005,2706 1274,2685 1179,2646 1106,2708 1046,2669 799,2688"/>
                <Baseline points="809,2734 878,2736 948,2740 1017,2747 1087,2753 1156,2750 1226,2746 1295,2743 1365,2744 1434,2746 1504,2746 1574,2746 1643,2748 1713,2749 1782,2751 1852,2752 1921,2752 1991,2749 2060,2749 2130,2744 2200,2743"/>
                <TextEquiv>
                    <Unicode>Darff, voorss. krifft stat vffrecht vnnser</Unicode>
                </TextEquiv>
            </TextLine>
            <TextLine id="tr_1_tl_21" custom="readingOrder {index:21;}">
                <Coords points="801,2891 953,2866 1114,2914 1393,2856 1465,2905 1590,2866 1689,2914 1758,2866 1930,2905 2138,2851 2237,2895 2235,2783 2125,2837 1944,2762 1722,2816 1509,2770 1370,2829 1141,2750 1092,2797 799,2764"/>
                <Baseline points="809,2845 880,2842 952,2846 1023,2848 1095,2851 1166,2848 1238,2848 1309,2848 1381,2848 1452,2852 1524,2854 1595,2856 1667,2857 1738,2857 1810,2859 1881,2857 1953,2857 2024,2857 2096,2852 2167,2850 2239,2854"/>
                <TextEquiv>
                    <Unicode>schlußrede, stande offrecht vnd ist Das</Unicode>
                </TextEquiv>
            </TextLine>
            <TextLine id="tr_1_tl_22" custom="readingOrder {index:22;}">
                <Coords points="786,2943 1334,2963 1428,3042 1521,2978 1621,3011 1683,2972 1760,3020 2013,3034 2142,2961 2272,2972 2272,2903 1934,2916 1791,2870 1681,2916 1581,2866 1175,2920 784,2880"/>
                <Baseline points="797,2940 871,2943 945,2944 1019,2949 1093,2951 1167,2952 1241,2952 1315,2954 1389,2955 1463,2958 1537,2959 1611,2964 1685,2964 1759,2965 1833,2964 1907,2965 1981,2961 2055,2958 2129,2953 2203,2951 2277,2949"/>
                <TextEquiv>
                    <Unicode>alls verantwurcket, des lass ich mich an die</Unicode>
                </TextEquiv>
            </TextLine>
            <TextLine id="tr_1_tl_23" custom="readingOrder {index:23;}">
                <Coords points="797,3117 838,3088 876,3111 959,3047 1031,3080 1083,3059 1154,3090 1187,3061 1216,3086 1251,3067 1249,2995 1202,2980 1141,2995 1106,2968 1052,2964 1033,2984 990,2976 969,2992 903,2949 849,2993 834,2980 793,2993"/>
                <Baseline points="803,3027 828,3030 853,3033 878,3033 903,3034 928,3035 954,3038 979,3042 1004,3043 1029,3045 1054,3047 1079,3048 1105,3048 1130,3047 1155,3045 1180,3045 1205,3045 1230,3045 1256,3048"/>
                <TextEquiv>
                    <Unicode>acta hie ob</Unicode>
                </TextEquiv>
            </TextLine>
        </TextRegion>
    </Page>
</PcGts>
