2479 3508
650 568 2055 726 Anfangs diser disputation/ vnnd in der erstenn
614 678 2083 843 session, die gehalten  ist/ vff zinstag am morgen/ den
626 794 2101 929 sibenden tag/ des Monatz Jennerb/ nach Christi Jesu
594 861 2185 977 unnsers heillands gepurt/ gezallt/ funffzechen hundert,
608 961 2141 1085 zwenntzigt unnd acht Jare Hatt der hochgelertt/
592 1049 2197 1185 Doctor Joachim von Watt Burgermeister von Santgallen,
614 1127 2143 1271 in namen der presidenten/ nachuolgend red gethan/
843 1675 2093 1841 Erwürdig hoch unnd wolgelert gestreng
861 1791 2141 1939 Edell vest, fromm/ fur sichtig, wyß/ gnedig und
630 1889 2173 2011 günstig min herren/ lieb, unnd guͦt fründ/. Diewyl
614 1969 2117 2117 wir uff hüttigen tag zuo Ingang/ der loblichenn vnd
628 2031 2201 2185 christenlichen disputation/ so min gnedig herren Schult//
626 2147 2175 2297 heis unnd Rhat diser loblichen statt Bernn/ ußgeschriben
624 2235 2179 2357 hannd/ anfang in dem namen gottes zethuond versam//
618 2311 2171 2450 let sind/ So ist fürnemlich miner Herren Mittpresidenten
606 2395 2149 2536 früntlich beger/ an all frömbd vnnd heimsch/ Das
636 2480 2177 2620 sy umb der er gottes willenn unnd liebe sines worts (zu°
618 2598 2169 2666 wellichem billich alle guͦtmütige hertzenn geneigt sin
634 2656 2221 2794 soͤllennd ) sich fridlich / früntlich vnnd mit ernstlichem
