2479 3508
430 473 592 592 Mr
2132 162 2257 268 310
1229 145 1962 351 Die viiii. Chlusseredi
623 299 2228 436 Orden veriachen, weder desß, In den fr glaubt, dann
612 392 2161 573 fr weiß, wem fr gloubt hat, Er wirdt auch gott
606 484 2217 637 dehem gelubd thun, die Er von Im. nitt ernordrot,
623 571 2232 696 Dann diesebben gelubd, konnen nitt van gott in
612 658 2168 810 So oude ri von dem bosen, Mathei. v.o und fret
600 720 2213 889 man gott vergaben, So man Jun mitt mentsthen
600 837 2240 968 gesagt vnd botten vereret, Mathei. xv. Carumb
615 926 2213 1084 So vallen alle die gelijbe hin, die van den mentsth:
612 1028 2199 1156 en gedichtot sind, ende bald der gloub kampt, Hie¬
608 1100 2217 1269 bij Tol man nitt verstan, das wir einiger lepfruw,
604 1196 2161 1341 verspruch, verschribung, vereidungen der wilt:
621 1289 2188 1416 lichen handt vermeinen zubrechen, Ounder wir
608 1383 2195 1522 reden allein van den gelübden, die man gelijbe der
608 1470 2230 1634 geistlichen nampt, die die Constienten holten antraf:
608 1557 2201 1707 fen 1 Das. jn. ad Chimotheum. v. Ist anzogen,
612 1655 2197 1763 von der wittwen, die den ersten glauben gebrochen
610 1744 2190 1898 hatte, hat den Oinn, das bij den kirchen, da allein
608 1829 2195 1981 alle gantz verlasene wittwen enthalten wurdenn,
596 1912 2143 2070 Als die os Oechzig Jaren waren is, sich ouch
586 2016 2145 2180 Junge wittwen, vnderstuijden zweiden, Oud so
586 2112 2253 2249 Ois In die enthaltung der kilthen kamen, wurden
575 2182 2147 2336 Der Junijen ettlich erfunden, die vnkusthoten,
1360 2298 1505 2359 ent„
588 2288 2134 2440 oder verschutten die vnder „ haltung, mitt etwas
583 2375 2230 2545 vnzucht, vnd Oodas besthach, Ouchten Oi die flucht
577 2465 2188 2614 Eijn es Ist wager Ich nam ein man, So das Dan¬
561 2550 2132 2703 bus zum dickern mal gesachen hett, So verwar¬
556 2645 2182 2824 not Rodie Kilchen, vnd Opricht, man goede Oi niet
550 2743 2016 2919 In die vnderhaltung der kilthen vfnamenn
2076 2803 2222 2907 -
