<?xml version="1.0" encoding="UTF-8" standalone="yes"?>
<PcGts xmlns="http://schema.primaresearch.org/PAGE/gts/pagecontent/2013-07-15">
    <Metadata>
        <Creator>prov=READ-COOP:name=TrHtr:version=2.41.0:model_id=51170:date=09_03_2026_17:24</Creator>
        <Created>2026-01-27T10:34:12.748+01:00</Created>
        <LastChange>2026-03-09T17:24:03.124+01:00</LastChange>
        <TranskribusMetadata docId="13922579" pageId="112790253" pageNr="339" status="IN_PROGRESS" userId="537" imgUrl="https://files.transkribus.eu/Get?fileType=view&amp;id=KFJEAEXYHTLSVMUDMUFGYZKV" imageId="95349350"/>
    </Metadata>
    <Page imageFilename="112790253.jpg" imageWidth="2479" imageHeight="3508">
        <TextRegion orientation="0.0" id="tr_1">
            <Coords points="358,205 358,3039 2331,3039 2331,205"/>
            <TextLine id="tr_1_tl_1" custom="readingOrder {index:1;}">
                <Coords points="1010,264 1118,295 1186,259 1250,298 1308,298 1351,262 1454,286 1490,262 1531,298 1728,271 1726,142 1668,142 1634,175 1598,142 1519,180 1399,134 1301,192 1008,132"/>
                <Baseline points="1024,247 1059,249 1094,250 1130,250 1165,250 1200,250 1236,252 1271,253 1306,253 1342,253 1377,253 1412,253 1448,254 1483,257 1518,259 1554,259 1589,259 1624,259 1660,259 1695,259 1731,262"/>
                <TextEquiv>
                    <Unicode>Die dritt Schlusfredi</Unicode>
                </TextEquiv>
            </TextLine>
            <TextLine id="tr_1_tl_2" custom="readingOrder {index:2;}">
                <Coords points="629,398 1224,384 1474,401 1579,458 1742,408 1862,451 1930,401 1997,451 2050,410 2170,446 2198,331 2119,288 1867,319 1802,274 1627,353 1450,353 1186,259 1073,312 792,259 626,300"/>
                <Baseline points="641,376 719,379 797,378 875,378 953,376 1031,379 1109,379 1187,379 1265,382 1343,382 1422,385 1500,388 1578,388 1656,388 1734,389 1812,388 1890,391 1968,396 2046,400 2124,403 2203,412"/>
                <TextEquiv>
                    <Unicode>Christum nitt, ein volkomme gnug thuijgung, fur</Unicode>
                </TextEquiv>
            </TextLine>
            <TextLine id="tr_1_tl_3" custom="readingOrder {index:3;}">
                <Coords points="624,473 1531,468 1738,523 1790,478 1970,538 2278,509 2278,434 622,401"/>
                <Baseline points="638,456 720,459 802,457 884,456 966,453 1048,456 1130,456 1212,459 1294,464 1376,465 1459,467 1541,468 1623,468 1705,473 1787,474 1869,474 1951,477 2033,483 2115,489 2197,491 2280,498"/>
                <TextEquiv>
                    <Unicode>aller welt kund, doch mitt dem gering, das wir</Unicode>
                </TextEquiv>
            </TextLine>
            <TextLine id="tr_1_tl_4" custom="readingOrder {index:4;}">
                <Coords points="646,559 1094,554 1212,624 1346,574 1447,617 1502,566 1596,610 1886,564 2278,600 2249,497 1968,538 1534,468 1118,518 821,458 737,518 646,497"/>
                <Baseline points="659,543 740,540 821,538 902,540 983,539 1065,537 1146,543 1227,545 1308,549 1389,549 1471,549 1552,552 1633,555 1714,555 1795,555 1877,556 1958,558 2039,563 2120,568 2201,574 2283,585"/>
                <TextEquiv>
                    <Unicode>vns derselben gnugthijgung christi, ouch trilhaf¬</Unicode>
                </TextEquiv>
            </TextLine>
            <TextLine id="tr_1_tl_5" custom="readingOrder {index:5;}">
                <Coords points="636,694 816,636 934,674 1001,638 1279,653 1380,706 1450,655 1541,718 1630,655 1807,718 1910,650 2054,682 2052,578 1445,617 1361,569 1270,605 1030,559 634,578"/>
                <Baseline points="650,638 720,633 791,632 861,629 932,628 1002,626 1073,627 1143,629 1214,634 1284,635 1355,637 1425,636 1496,638 1566,639 1637,644 1707,644 1778,642 1848,644 1919,644 1989,644 2060,650"/>
                <TextEquiv>
                    <Unicode>tig machen, wie Ich zum teil anzougt hab,</Unicode>
                </TextEquiv>
            </TextLine>
            <TextLine id="tr_1_tl_6" custom="readingOrder {index:6;}">
                <Coords points="1037,811 1133,787 1231,809 1282,852 1322,818 1512,818 1562,854 1634,797 1675,809 1673,710 1490,718 1428,677 1310,742 1150,679 1034,746"/>
                <Baseline points="1047,779 1078,779 1110,779 1141,780 1173,784 1205,785 1236,785 1268,785 1300,785 1331,785 1363,785 1395,787 1426,788 1458,789 1490,791 1521,791 1553,790 1585,788 1616,790 1648,792 1680,791"/>
                <TextEquiv>
                    <Unicode>Martinus buijer</Unicode>
                </TextEquiv>
            </TextLine>
            <TextLine id="tr_1_tl_7" custom="readingOrder {index:7;}">
                <Coords points="1606,854 1632,857 1675,893 1682,883 1706,878 1697,792 1685,792 1670,809 1644,799 1620,802 1615,797 1601,797"/>
                <Baseline points="1618,847 1648,849 1679,852 1710,856"/>
                <TextEquiv>
                    <Unicode>23</Unicode>
                </TextEquiv>
            </TextLine>
            <TextLine id="tr_1_tl_8" custom="readingOrder {index:8;}">
                <Coords points="607,998 1010,955 1394,1008 1505,965 2256,991 2256,842 2059,895 1922,842 1750,893 1618,857 1524,926 1219,828 785,934 607,845"/>
                <Baseline points="620,979 702,967 784,967 866,962 948,956 1030,954 1112,952 1195,949 1277,949 1359,951 1441,957 1523,959 1605,961 1687,961 1770,958 1852,958 1934,956 2016,954 2098,956 2180,955 2263,949"/>
                <TextEquiv>
                    <Unicode>Oott zije lob, dan der Schulmeister, Christum Jesum</Unicode>
                </TextEquiv>
            </TextLine>
            <TextLine id="tr_1_tl_9" custom="readingOrder {index:9;}">
                <Coords points="634,1056 696,1109 754,1061 1075,1042 1303,1044 1349,1090 1457,1042 1622,1092 1757,1051 1838,1097 1915,1034 2206,1068 2242,989 1502,967 1394,1008 1010,955 636,1010"/>
                <Baseline points="647,1056 726,1053 806,1050 886,1047 966,1043 1046,1040 1126,1035 1206,1032 1286,1032 1366,1032 1446,1032 1525,1035 1605,1038 1685,1036 1765,1036 1845,1032 1925,1032 2005,1030 2085,1028 2165,1030 2245,1032"/>
                <TextEquiv>
                    <Unicode>bekent unser volkomme gnugthugung, Oann Ist</Unicode>
                </TextEquiv>
            </TextLine>
            <TextLine id="tr_1_tl_10" custom="readingOrder {index:10;}">
                <Coords points="629,1164 1138,1118 1214,1176 1313,1133 1754,1159 1884,1111 2254,1138 2254,1046 2026,1027 1841,1094 1788,1056 631,1080"/>
                <Baseline points="644,1128 724,1129 805,1128 886,1125 967,1125 1048,1122 1128,1120 1209,1117 1290,1116 1371,1116 1452,1119 1532,1117 1613,1116 1694,1116 1775,1116 1856,1113 1936,1110 2017,1108 2098,1107 2179,1107 2260,1107"/>
                <TextEquiv>
                    <Unicode>Er ein volkomme gnugthugning, So werden wir</Unicode>
                </TextEquiv>
            </TextLine>
            <TextLine id="tr_1_tl_11" custom="readingOrder {index:11;}">
                <Coords points="626,1219 1769,1195 1867,1243 1944,1193 2028,1231 2263,1190 2263,1138 2186,1159 2136,1114 1723,1162 1646,1128 1502,1181 1423,1138 1198,1174 1138,1118 809,1181 629,1159"/>
                <Baseline points="641,1209 722,1209 803,1206 885,1206 966,1203 1048,1203 1129,1200 1210,1200 1292,1199 1373,1197 1455,1200 1536,1198 1617,1194 1699,1193 1780,1191 1862,1185 1943,1185 2024,1184 2106,1187 2187,1183 2269,1188"/>
                <TextEquiv>
                    <Unicode>nitt mitt vnsern wercken, witter mogen zuthun</Unicode>
                </TextEquiv>
            </TextLine>
            <TextLine id="tr_1_tl_12" custom="readingOrder {index:12;}">
                <Coords points="636,1301 1498,1337 1572,1282 1831,1272 2143,1315 2244,1291 2246,1198 1956,1200 1870,1246 1754,1202 1555,1258 1291,1210 1102,1270 902,1207 636,1224"/>
                <Baseline points="650,1295 730,1292 810,1292 890,1290 970,1289 1050,1288 1130,1286 1210,1287 1290,1286 1370,1286 1450,1283 1530,1280 1610,1280 1690,1277 1770,1274 1850,1271 1930,1265 2010,1265 2090,1265 2170,1262 2251,1262"/>
                <TextEquiv>
                    <Unicode>Cas Er aber das geding hinuheyt, wir mussen</Unicode>
                </TextEquiv>
            </TextLine>
            <TextLine id="tr_1_tl_13" custom="readingOrder {index:13;}">
                <Coords points="631,1387 986,1397 1106,1454 1193,1375 1406,1423 1505,1370 2083,1397 2165,1349 2244,1373 2246,1301 1723,1274 1495,1339 1205,1301 631,1337"/>
                <Baseline points="644,1385 724,1385 804,1385 885,1383 965,1381 1045,1376 1126,1373 1206,1371 1286,1369 1367,1366 1447,1364 1527,1364 1608,1361 1688,1364 1768,1361 1849,1355 1929,1353 2009,1349 2090,1349 2170,1346 2251,1349"/>
                <TextEquiv>
                    <Unicode>uns, unies guijt huijgens teilhaftig machenn,</Unicode>
                </TextEquiv>
            </TextLine>
            <TextLine id="tr_1_tl_14" custom="readingOrder {index:14;}">
                <Coords points="610,1490 799,1548 1066,1466 1339,1514 1718,1447 2165,1476 2237,1447 2239,1392 2179,1346 2083,1397 1846,1370 1658,1411 1594,1370 1418,1421 1190,1378 1118,1445 612,1392"/>
                <Baseline points="623,1480 708,1478 793,1475 878,1472 963,1470 1049,1464 1134,1461 1219,1459 1304,1462 1389,1459 1475,1456 1560,1451 1645,1448 1730,1447 1815,1444 1901,1439 1986,1438 2071,1436 2156,1436 2242,1439"/>
                <TextEquiv>
                    <Unicode>Tagen wir, das Oolichs, In gott, vnd nitt vnser</Unicode>
                </TextEquiv>
            </TextLine>
            <TextLine id="tr_1_tl_15" custom="readingOrder {index:15;}">
                <Coords points="643,1603 1478,1538 1879,1579 1970,1524 2278,1548 2263,1440 2054,1500 1726,1445 1502,1519 1063,1469 797,1546 646,1524"/>
                <Baseline points="659,1561 740,1561 821,1561 902,1558 983,1555 1065,1557 1146,1551 1227,1546 1308,1545 1389,1543 1471,1540 1552,1537 1633,1534 1714,1533 1795,1528 1877,1525 1958,1523 2039,1524 2120,1523 2201,1525 2283,1531"/>
                <TextEquiv>
                    <Unicode>thane stat, Glouben wir an vnsern herren, So Ist</Unicode>
                </TextEquiv>
            </TextLine>
            <TextLine id="tr_1_tl_16" custom="readingOrder {index:16;}">
                <Coords points="346,1682 1111,1697 1176,1639 1368,1687 1507,1618 1846,1610 1997,1661 2270,1620 2273,1560 1481,1538 1330,1603 701,1622 511,1478 348,1570"/>
                <Baseline points="358,1642 459,1649 560,1646 661,1650 762,1648 863,1647 964,1643 1065,1636 1166,1633 1267,1630 1368,1627 1469,1621 1570,1615 1671,1614 1772,1609 1873,1606 1974,1605 2075,1603 2176,1601 2277,1606"/>
                <TextEquiv>
                    <Unicode>4 Bl. Er vnser ganz eijgen, vnd haben teil und gemein¬</Unicode>
                </TextEquiv>
            </TextLine>
            <TextLine id="tr_1_tl_17" custom="readingOrder {index:17;}">
                <Coords points="631,1745 806,1781 1188,1735 1262,1778 1378,1716 1464,1769 1531,1711 1656,1745 1783,1697 2095,1699 2206,1750 2299,1704 2302,1637 1584,1654 1522,1615 1366,1687 1176,1639 1111,1699 634,1699"/>
                <Baseline points="644,1743 727,1738 810,1734 893,1730 976,1727 1059,1722 1142,1719 1226,1716 1309,1714 1392,1710 1475,1706 1558,1700 1641,1698 1724,1698 1808,1692 1891,1692 1974,1690 2057,1689 2140,1687 2223,1686 2307,1689"/>
                <TextEquiv>
                    <Unicode>an siner gnugthugung, den glauben muß aber gott</Unicode>
                </TextEquiv>
            </TextLine>
            <TextLine id="tr_1_tl_18" custom="readingOrder {index:18;}">
                <Coords points="626,1877 821,1822 1351,1853 1421,1805 1601,1841 1970,1781 2203,1862 2208,1721 1894,1738 1786,1694 1666,1747 1531,1711 1466,1771 1370,1721 1262,1778 974,1726 631,1771"/>
                <Baseline points="641,1821 719,1824 798,1820 876,1817 955,1812 1033,1810 1112,1808 1190,1805 1269,1800 1347,1798 1426,1796 1505,1794 1583,1791 1662,1789 1740,1787 1819,1781 1897,1776 1976,1776 2054,1772 2133,1771 2212,1773"/>
                <TextEquiv>
                    <Unicode>gaben, der vns zum Gun zucht, Johannis. vj</Unicode>
                </TextEquiv>
            </TextLine>
            <TextLine id="tr_1_tl_19" custom="readingOrder {index:19;}">
                <Coords points="691,1922 955,1956 1092,1906 1128,1944 1469,1932 1519,1970 1637,1886 1841,1920 1846,1817 1286,1853 1032,1814 694,1858"/>
                <Baseline points="704,1910 761,1910 818,1907 875,1903 932,1899 990,1895 1047,1892 1104,1889 1161,1891 1218,1889 1276,1886 1333,1886 1390,1884 1447,1883 1504,1882 1562,1878 1619,1877 1676,1873 1733,1870 1790,1866 1848,1871"/>
                <TextEquiv>
                    <Unicode>vnsere warck vermogen hie nichts</Unicode>
                </TextEquiv>
            </TextLine>
            <TextLine id="tr_1_tl_20" custom="readingOrder {index:20;}">
                <Coords points="1049,2050 1104,2076 1171,2050 1229,2074 1310,2042 1363,2062 1404,2033 1579,2083 1642,2047 1730,2069 1730,1992 1603,1918 1519,1968 1457,1958 1421,1992 1296,2004 1166,1922 1128,1944 1090,1908 1049,1910"/>
                <Baseline points="1062,2033 1095,2035 1129,2036 1162,2037 1196,2039 1230,2039 1263,2039 1297,2039 1330,2039 1364,2037 1398,2036 1431,2036 1465,2036 1498,2038 1532,2038 1566,2036 1599,2036 1633,2034 1666,2033 1700,2034 1734,2039"/>
                <TextEquiv>
                    <Unicode>Johannes bijchstaen</Unicode>
                </TextEquiv>
            </TextLine>
            <TextLine id="tr_1_tl_21" custom="readingOrder {index:21;}">
                <Coords points="600,2285 862,2215 955,2261 1541,2225 1601,2270 1716,2210 1798,2266 1915,2213 2196,2215 2198,2119 1846,2158 1673,2081 1522,2162 1260,2179 1061,2095 847,2146 715,2081 600,2170"/>
                <Baseline points="612,2227 691,2223 771,2221 850,2218 930,2218 1009,2218 1089,2218 1168,2218 1248,2218 1327,2218 1407,2218 1487,2215 1566,2212 1646,2209 1725,2205 1805,2206 1884,2206 1964,2206 2043,2205 2123,2202 2203,2203"/>
                <TextEquiv>
                    <Unicode>Diewil Christus vus Ro gang und gar sollte frij</Unicode>
                </TextEquiv>
            </TextLine>
            <TextLine id="tr_1_tl_22" custom="readingOrder {index:22;}">
                <Coords points="602,2376 1032,2309 1327,2314 1478,2376 1541,2323 1630,2352 1846,2297 2251,2340 2254,2249 2160,2201 1855,2261 1704,2213 1598,2270 1229,2222 1027,2282 734,2232 605,2285"/>
                <Baseline points="618,2322 700,2314 782,2310 864,2307 946,2307 1028,2304 1110,2307 1192,2307 1274,2307 1356,2307 1439,2304 1521,2301 1603,2301 1685,2297 1767,2295 1849,2290 1931,2294 2013,2298 2095,2294 2177,2289 2260,2289"/>
                <TextEquiv>
                    <Unicode>gesagt haben, wurde, vorgaben gesin zijn, das Er vns</Unicode>
                </TextEquiv>
            </TextLine>
            <TextLine id="tr_1_tl_23" custom="readingOrder {index:23;}">
                <Coords points="619,2431 1493,2395 1584,2458 2227,2388 2227,2342 1884,2304 1630,2354 1538,2323 1476,2374 1037,2309 622,2369"/>
                <Baseline points="635,2403 714,2403 794,2400 874,2398 954,2396 1034,2393 1114,2391 1194,2396 1274,2395 1354,2394 1434,2391 1513,2388 1593,2391 1673,2389 1753,2384 1833,2382 1913,2382 1993,2382 2073,2381 2153,2378 2233,2376"/>
                <TextEquiv>
                    <Unicode>hat geheissen Batten, und Sprachen Mathei am</Unicode>
                </TextEquiv>
            </TextLine>
            <TextLine id="tr_1_tl_24" custom="readingOrder {index:24;}">
                <Coords points="602,2503 718,2561 809,2498 888,2554 1133,2482 1212,2530 1385,2503 1457,2542 1555,2479 1615,2498 1649,2443 1255,2400 1073,2448 938,2405 842,2448 758,2419 605,2453"/>
                <Baseline points="615,2498 666,2492 718,2492 770,2488 822,2486 874,2484 926,2481 978,2480 1030,2480 1082,2480 1134,2480 1185,2482 1237,2483 1289,2486 1341,2486 1393,2485 1445,2482 1497,2478 1549,2477 1601,2477 1653,2486"/>
                <TextEquiv>
                    <Unicode>vij. vergib. vns vnser schuld is.</Unicode>
                </TextEquiv>
            </TextLine>
            <TextLine id="tr_1_tl_25" custom="readingOrder {index:25;}">
                <Coords points="1022,2635 1068,2614 1135,2635 1224,2623 1289,2657 1342,2621 1414,2657 1481,2616 1550,2683 1625,2626 1663,2638 1661,2561 1469,2542 1433,2566 1363,2525 1260,2554 1138,2489 1051,2549 1020,2544"/>
                <Baseline points="1035,2606 1066,2606 1098,2606 1129,2606 1161,2608 1193,2609 1224,2609 1256,2609 1288,2611 1319,2612 1351,2612 1383,2612 1414,2612 1446,2612 1478,2612 1509,2614 1541,2615 1573,2615 1604,2617 1636,2618 1668,2618"/>
                <TextEquiv>
                    <Unicode>Martinus buijer</Unicode>
                </TextEquiv>
            </TextLine>
            <TextLine id="tr_1_tl_26" custom="readingOrder {index:26;}">
                <Coords points="607,2801 2273,2784 2273,2729 2021,2705 1956,2650 1829,2741 1500,2642 1174,2731 1058,2647 953,2724 607,2662"/>
                <Baseline points="620,2785 702,2785 785,2783 868,2779 951,2775 1034,2773 1117,2770 1199,2773 1282,2773 1365,2778 1448,2779 1531,2779 1614,2782 1697,2782 1779,2782 1862,2779 1945,2779 2028,2776 2111,2776 2194,2773 2277,2776"/>
                <TextEquiv>
                    <Unicode>Is Ist verandtwurt In der declaration hern Garch:</Unicode>
                </TextEquiv>
            </TextLine>
            <TextLine id="tr_1_tl_27" custom="readingOrder {index:27;}">
                <Coords points="617,2873 926,2863 974,2904 1255,2863 1459,2923 1925,2880 2033,2928 2323,2880 2326,2808 617,2808"/>
                <Baseline points="629,2869 714,2869 799,2867 884,2864 969,2863 1054,2862 1139,2862 1224,2860 1309,2860 1394,2863 1480,2863 1565,2863 1650,2865 1735,2866 1820,2863 1905,2863 1990,2866 2075,2863 2160,2860 2245,2857 2331,2860"/>
                <TextEquiv>
                    <Unicode>tolden, Batten vmb verzichung, Ist nitt gnug tun¬</Unicode>
                </TextEquiv>
            </TextLine>
            <TextLine id="tr_1_tl_28" custom="readingOrder {index:28;}">
                <Coords points="643,2981 696,3007 742,2964 821,3010 1001,2947 1258,2998 1354,2962 1519,2974 1570,2933 1505,2892 1464,2923 1272,2866 1150,2909 1094,2882 967,2904 924,2863 641,2909"/>
                <Baseline points="656,2952 702,2949 748,2949 794,2949 840,2946 886,2949 932,2946 978,2946 1024,2946 1070,2947 1116,2952 1162,2952 1208,2952 1254,2953 1300,2956 1346,2958 1392,2958 1438,2958 1484,2957 1530,2955 1576,2961"/>
                <TextEquiv>
                    <Unicode>Ich lassz mich vff die Acta</Unicode>
                </TextEquiv>
            </TextLine>
            <TextLine id="tr_1_tl_29" custom="readingOrder {index:29;}">
                <Coords points="1630,3022 1649,3017 1678,3031 1699,3024 1716,3029 1728,3022 1752,3022 1745,2894 1733,2894 1721,2909 1706,2911 1690,2933 1680,2928 1646,2950 1625,2952"/>
                <Baseline points="1642,3009 1671,3011 1700,3013 1729,3015 1758,3018"/>
                <TextEquiv>
                    <Unicode>16</Unicode>
                </TextEquiv>
            </TextLine>
        </TextRegion>
    </Page>
</PcGts>
