2479 3508
254 394 586 564 4 Co
2009 184 2163 291 147
1041 189 1337 361 Die viers
1371 191 1691 383 Schipreden
943 471 1921 658 Matt Meister Frants kals die viere
976 590 1876 734 Ostblustrie onne gruve derselbenn
974 693 1734 804 vroffuet alls hernacen volgt.
797 853 2103 1009 Giebenn notsfrnue, Jan pitten vande eenselijck
795 939 2083 1091 vmb gottes willen, das ir sich ab nachender
785 1048 2128 1168 schlußrede nitt wellennd ergern, oder ein schucken
777 1115 2087 1246 empfachten, oder vns darfur achten, das wir
543 1168 2159 1314 Om lust habme /ettwas vngthordts harfurhebringen, sondern
506 1287 2134 1421 Die grossen vngeschickten mischruch, so in die christennlich
564 1314 2175 1511 gemeine gewachssen, sind wider den rechten waren verstand
560 1429 2120 1589 des gottlichen ovorts vns zwingent vnnd tringent Erfz
568 1529 2165 1663 schenßred allso zu bekennen wie se denn luttet, Nemlich
564 1587 2109 1716 Das der lijs vnnd blut Christi Wesenlich
570 1665 2167 1786 vnne lyplich in dem brot der dancksagung
564 1740 2136 1888 empfangen weremt mag mitt Biblische ge¬
1818 1808 2152 1964 Das bewyf
578 1831 1753 2013 schrifft nitt bibracht werden.
574 1898 2083 2060 sich mit lutter versthrifft, furnemlich Johannes am
584 1984 2152 2155 vi Capn. Das fleißen ist gar midt nutz, verstand geessen,
541 2070 2140 2245 Deschals Christus Is nitt hatt gewellenn, wie dan wir
570 2165 2183 2319 bissbar gemeinlich verstanden, Das wir in desem Sacra¬
1904 2239 2161 2349 Wyter
568 2245 1861 2384 ment fleisch vnne blut, wesenlick niessend
564 2300 2171 2466 In vor angezochtem Capittell Johanus am vi, Es sie dan
547 2396 2200 2532 Dan Das Jressene min fleisten vnnd trinckene min blut
574 2470 2187 2612 Mogene Ir int Ingan Inn Das rijch eer huneln. Item
564 2546 2179 2704 over da Jsset min flasch vnnd trinckt min blut der
574 2669 2165 2772 blipt Inn mir vnnd ick Inn Im Iten war Da mich
582 2741 2187 2876 isset, der leet omen van minent wegen, His wirtt anzogt
