2479 3508
10 680 161 822 den daß
27 795 165 914 St wens
25 885 157 1023 u. dr.
19 993 161 1108 bretist
19 1102 161 1244 tot so woll
23 1219 146 1313 not into
56 1294 171 1428 Das blud
27 1441 167 1543 min by my
27 1520 163 1633 witt
33 1623 134 1763 furgen
52 1765 151 1867 Sants
21 1851 140 2029 inins here
48 1968 163 2083 wider the
25 2081 169 2221 account In
25 2202 151 2302 in Hern
23 2503 123 2625 oder
1920 148 2068 257 170
993 125 1656 293 Die vierd schlußend
498 240 2173 441 nen wert, Das Im Brot vns der lijb Christi mit¬
496 406 2175 560 getheelt werde, vnd das mitt sollichem verstand alls
494 462 2144 667 da ist Johanus xx cap: Batt de her angeblosen
517 565 2089 726 sin Junger vnnd gesagt, nemend hin den heiligenn
500 659 2167 836 weise, ende mitt das der blast der heilig geist ware
514 770 2087 945 sonder das er mitt solchem mittell Inen gegebenn
836 793 2135 1025 wie ouch Ist Das fur Imijsen vnnd
496 870 721 991 ward
523 954 2137 1129 Dennacht Die substanten des ysijn belibet onch gott
519 1050 2098 1232 Inn diensubstantz monschen vnnd beide naturen
500 1148 2125 1313 Ires wesens Vnuerlenzet, auch so man sagt mitt
514 1255 2131 1407 einem becher, Das ist ryffrem Ist doch der
500 1334 2139 1491 becher nitt die natur, des reffwins. Darumb wir
523 1414 2144 1585 noch stangs wider die iiij conclusion beliben vff
489 1533 2162 1686 den worten, das ist min heb wer den werten
502 1587 2146 1780 wellen wir nitt zancken, allein das der sinn da
517 1709 2118 1855 belib Das es int ein fuerlick oder bedutlich brot
535 1769 2200 1947 sy, Das wir Im abendtmael essent, sonder der lijb vnd
571 1918 1366 2072 Christi so vill Ietzmael
320 1901 550 2026 Das blut
929 1968 1497 2139 Fcolampadius
567 2081 2121 2279 Vir suchen ouch kein wort hanck, begerende aber
439 2196 2104 2359 Den naturlichen verstand der worten Damit sich
529 2298 2068 2461 kein In sall zutrag vnnd Christo sin eer belibe
468 2397 2116 2560 Hierums die antt zeneden wie her Beundichtt
523 2480 2102 2635 pflegt, Das Inn Een worten, Das ist min lijb
502 2579 2156 2731 sich so vill aelß Inn dem brot ist, minn, lijs haben
494 2675 2141 2832 wir begert der glicken, autt, der sprach vss. got.
498 2771 2066 2947 licher verschrifft, hatt sy aber noch nu anzogen
2206 1073 2298 1230 em¬
2208 1865 2302 1957 not
