2479 3508
30 649 128 748 tum der
30 730 126 835 In töndlich
18 892 118 1006 Darron
24 1020 105 1079 dans son
30 2070 118 2131 Wunsch
30 2287 122 2390 rind, f
221 424 446 576 67
162 829 531 963 ^ heimlikerten
1993 126 2139 245 247
868 191 1620 363 Die funfte Schlus bred,
562 335 2103 485 ewikeit em opfer hab, dauon hutt und gester, vil ge¬
578 412 2123 549 sagt Ist, Carumib wie min ein Christus Ift, vnnd
568 503 2190 641 ein ewiger priester, also Ist ein ewsgs priesterthum,
574 588 2149 720 vnd ein ewigs opfer des muwen testaments, Chri¬
574 697 2171 809 stus Ist der priester vnd das opfer, Ein mal hat fr
568 768 2167 876 Bich salbs tarblich vfgeopfrot, wertaglich wirdt
568 837 2141 969 Er geopfrot In den hulilviton, zu einer gedächtnis
566 931 2066 1048 sines Herbens, vnd wie sie sterben, ein ewige
1275 1014 1377 1064 ein
564 1006 2176 1141 erlosung Ist, also Ifties ewigs opfer, nitt mer am
568 1085 2123 1237 Crütz, aber nach der ordnung Melchisedech, vnder
872 1178 1008 1223 „des „
554 1160 2129 1314 der gestalt „ brots vnd wins, In suma, wie das
566 1255 2161 1411 laub, In dem durchgang der Juden, aben ein mal
543 1334 2129 1486 Ien Jar, vfgropfrot, Exodi xxviijo. hat bedutot
562 1423 2173 1565 das vfopfern Christi am Crüg, einist besthickenn,
535 1506 2048 1656 Also hand ouch die linnli, So all tag vfgropfrot
1912 1569 2100 1683 „ ouch„
566 1608 2149 1754 gind worden, Exodi. xijo. Numeri. xxviii. „beon¬
560 1691 2125 1823 tot das taglich vtopfoon, So In der wasß beschicht,
594 1798 2105 1934 Oann ein Jeckliche figur die gesayes, etwas Iten
554 1857 2180 1995 mijwen testament bevnt het, Co. Daulus spricht,
560 1946 2098 2084 ad Hebreos. po. Das gesag het den Thatten von
547 2025 1555 2196 den zukunftigen dingen 18
955 2151 1561 2311 Martinus buijer,
1326 2285 1448 2362 20
556 2328 2117 2500 Als der Othulmeister, die Hebreer gezigen hat, Oi
549 2451 2046 2589 vijen Een glauben noch uijbel bericht gewesen, Eijt
541 2528 2066 2648 Er fuen vnrecht, der Zugnis Dauli nach am. x.
564 2595 2125 2737 Bedenckend aber an die vordrigen tag, In welchen
543 2699 2098 2841 It erluchtet u, biss zu end des capittels, zum an¬
543 2780 2078 2932 dren, das Er meindt, Paulus habe min die Opfer
