2479 3508
17 522 107 640 Ihr
11 821 103 944 somme
17 1000 107 1110 Went¬
19 1114 110 1220 und
0 1241 99 1455 tot
135 1213 461 1388 # voor einem
135 1365 506 1504 geijtlichen brot
876 99 1502 284 die vierde schlußred
1702 162 1824 293 185
1912 179 2087 280 244
518 211 2068 388 der brillis paulue osse sinen eignen worten, ouch vnss der
535 350 2125 501 krafft der warheit des geists bewertt wijrtt, hie zereden,
512 428 2096 596 das die die einerley zeichen, mitt einanderon bruchen
501 510 1594 653 Ein kwchenn siennen ende wis obstatt
1822 527 2018 680 somme
531 586 2132 756 Deshalb sollennd sij sich zu der gemeind vnnd kirchen
447 699 2102 855 Der götzen dienern nieuend fugen, nots gsollen, vnd
510 758 2144 941 wirt hie das vfthellen des lyblichen lyes Christi
550 872 1868 998 vnnder die krechten menen benampvt.
621 975 1830 1129 Sethamer, Pfarrer von Santg:
623 1003 2119 1211 Paulus in disen anzognen spruchen In der ersten
522 1102 2153 1310 Eri: zum Thorinthern am x cap: redt van zweijer¬
524 1234 2174 1386 ley brott, Das ist die Christenlick gemeine In Christo
541 1321 2153 1451 dem labenndigen wortt, erbuwen die Da lept In frid
527 1369 2169 1540 vnnd eingeent vnnd theilhafftig ist aller gutter Christi
537 1495 2163 1624 Vnnd van dem brot des nachtmaes des hern Das
550 1561 2176 1727 selbig brijchen wir vnnd theillens vn. Den brudern,
567 1653 2136 1786 Das sijl. ist nitt die kilch, oder gemeind von solchen
556 1738 2098 1904 spricht er das brott, das wir brochen, Ist das
556 1832 2138 2003 int Die gemeinstchafft, oder vs. theillung des
1188 1919 2125 2058 Das aunder brot das Die
535 1940 1081 2081 lybs Christi
1203 2007 2174 2176 Ist (brechen vnnd essen wir
533 2026 977 2184 Christen Zeit
1049 2068 1148 2163 1
535 2104 2134 2285 nit, heeft Darmus ein boet, Das sy von
541 2197 2172 2338 einem brot w abendtmals vnnd thestaments
1460 2296 2138 2452 wie paulus spricht
600 2306 1165 2481 Christi messent
579 2386 2144 2570 Darumb sind wir ein brot, das wir enus brots
548 2477 2115 2658 thelhafftig sind, oder von einem brot essen, ende
1139 2591 1609 2744 Zovingli,
594 2612 2224 2843 Das vnnser lieber bruder zweij biet hie anzoigt
529 2776 2220 2957 Ist voor gnug ernochten, Das is min eins ist
