2479 3508
1094 111 1803 284 Die ander Schlussred
677 258 2294 406 am. iii. cap. Das fittlich, die van glauben abtratten u
664 352 2281 497 nitt sollen geacht werden, Lufelsth Statuta, So doch
662 434 2307 582 die genanten werck, vnd vbungen, In der Schrifft gut¬
660 512 2296 677 genant Kind, Ob Si Othon, von der heiligen christen¬
677 595 2320 753 lichen kilchen, vmb der Ordnung willen, vernunftentlich
677 673 2281 833 gesagt vind, nitt zu beschward der gehorsamen vnd der
690 762 2272 918 guten, Sunders als gutlich zrachten ist, vmb mich
679 855 2278 1016 vnd fürdrung zu dem guten, ufgesagt Ist, wann
662 942 2305 1089 Si weist wol, das der geracht, nach der meinung faulti
677 1022 1582 1207 nitt Est vnder dem gesagt,
1061 1159 1723 1337 Martinus buijer
1506 1267 1617 1395 18
671 1339 2255 1523 Diewil Aanctus Paulus, was haben wirdt, das
671 1424 2296 1556 tijfelsch leren Sijen, Op isz vnd Ee verbieten, So wirdt
664 1534 2261 1690 dehem christenlich gemeind, volichs niemer mer
677 1628 2315 1782 furnamen, So Ist aber vorgesagt, das die christen
677 1710 2298 1868 frij witlig, vasten In gemein vande sunder, heben,
686 1786 2324 1968 harzu ermanot Paulus an Ingezognem Ort, wer
664 1884 2302 2038 das vom fleisthessen, der bichtvatter Ingezogen hat
662 1979 2322 2109 wirdt noch langt nitt bewaren, das die kilch, fleisch
677 2072 2420 2203 sessen verbieten mogt, Gott der herr aber, hats verbotten
668 2166 2318 2307 wie ouch wintrincken, wo der nächst dadurch geergrot
660 2248 2220 2400 wurdt, das Ist my glauben vnd liebe verhindert
664 2346 2281 2500 Sunst was da haltet, das man allerleij essen moge
660 2439 2278 2574 verwirdt van faulo grachtot als om starcker stm.
653 2519 2311 2689 glouwen, vnd den gott ufgenomen hab, lut des xiiij
655 2621 2209 2773 cap. zu den Romern, Die Ach dat daruff,
671 2706 2237 2880 fur sich Palbs, den Bruch euicher creaturen
