2479 3508
292 2717 444 2969 6
1192 83 1992 283 Die viiij. Schlusbredt
633 246 2288 425 gelijbe vfnamen, vunders das gebar die schuld Ana¬
642 352 2240 498 nie, das die Christen vsz. frijem willen, fre gutter
633 440 2305 594 In die gemeine gaben, Da wolt manias gesacken suij
650 531 2298 681 Dam Er ouch zuie gutter hette In gemeine gebenn,
652 611 2207 767 das aber nitt was, vmb der gottlose, vnd falschen
661 694 2230 850 willen, ward Er von gott gestraft, Oann Petrus
665 786 2259 967 Opricht also, waer het vijch zwingen, dem heiligen
656 894 2228 1063 geist zu liegen, An welchen worten wir verstand
656 969 2225 1140 das Oi vmb des betrugs willen, gach getödt sind,
665 1069 2273 1234 vnd vmb de hem gehenis gelubds willen, Demnach, 60
656 1154 2257 1340 Reinikeit halten, allein ein gab gottes Ist, dann die
663 1259 2217 1392 niemand hat, dann welchem es gott gibt, So Ist
650 1338 2248 1513 Reimkeit loben, glech als da Einer, vff enis andren
654 1442 2234 1609 Oeckel Zert, Oesshalb Alich gelubd. ver Reinikeit,
661 1525 2267 1677 mer om vermassenheit, weder ein gots. dienst ge¬
665 1623 2303 1784 wasen Ist, wellen hie, der vuwigen heiligen funck¬
673 1719 2288 1877 frouwsthaft, núzit entzogen haben, Wer Paulus
667 1796 2278 1973 Opricht, wann sich aber Iemand, mitt rein halten
665 1880 2253 2075 mag, so vereeliche fo Oich, Oannes Ist besser,
675 1982 2305 2134 vereelichot sijn, weder gebrant werden, Disz Ist ein
675 2088 2309 2228 gemein vrloub allerderen, die Tich glich remiteit vn¬
677 2138 2334 2336 derstanden haben, vnd aber darbij, ungemasse bonust
681 2261 2298 2444 empfinden, für weliche komliche de hem gelübe ver¬
675 2359 2290 2532 magt, hun andren hat niemand geredt, das ein
675 2461 2250 2617 Wisthoft muß ein wil haben, Douoor aber der Wi¬
679 2565 2288 2730 sthoff mitt reinklich labt, So Col fr ein wil haben,
698 2676 925 2759 „aber „
673 2653 2294 2815 over „ nitt ein Wisthoffsin, Das die alten, von zuch:
677 2748 2315 2957 tigt labens waijen erwelt wurden, die wiber hatten
