2479 3508
778 265 2278 520 bewarung der eeren der fromen Christen
740 450 1691 605 lichen oberkeit zuo Bernn
1705 515 1803 640 28
791 581 2317 795 Fürer ist zuͦ wüssen/ Alls der welschen
801 732 2302 884 Disputatz uff das ennd geschoben/ ist har fur ge
789 833 2339 992 tretten/ ein welscher doctor unnd ettlich weltsch
789 913 2319 1076 pfaffen im zůgestanden/der hat wider die
780 1003 2302 1184 zechen schlußred gedisputiert unnd im
844 1090 2329 1235 Guilielmus Pharellus/ predicant zuo Alenn
1852 1216 2302 1312 darüber geantwurt. Wirt mitt
787 1263 2302 1451 der zyt in Lathinischer sprach in truck ouch
1337 1381 2327 1544 usgan. So vil inkurzter summ von
807 1434 2309 1638 der ordnung diser disputatz unnd was
811 1577 1869 1730 sich der wÿll zů getragen hatt/ Das
772 1646 2347 1813 übrig  ist in actis vßtrucklich vergriffen/ sye
772 1760 2341 1924 alles den christenlichen läsern vnnd zuhörern//
764 1856 1096 2001 bevolhen.
149 3325 764 3458 D
1903 3350 2133 3462 .
