2479 3508
394 1813 616 2060 pdd
1129 104 1777 296 Die. vi. Schlusshred
635 265 2295 443 der baligen fürbitt, oss der 1 Epistel ad Cornithios xiij
637 381 2240 508 darumb das Oi In der liebe Oren, die van den heili¬
644 470 2264 616 gen witt genomen werde, Æritot glich als vil, als
648 565 2281 671 vormalen das argument vom lichnam und den glij¬
633 648 2242 764 dern, dann hie nitt die liebe beschreiben wirdt, die
633 728 2287 849 die Oaligen Imj. hunct haben, die ein ewige conun
633 830 2283 966 vnd froid Ist, aue alles leid vnd bekümmernus
635 915 2225 1055 Ounder es wirdt hie besthriben die liebe, die wir
633 1004 2317 1120 mentsthen In disem zitt haben, vnd heist das wort
620 1101 2259 1256 die liebe wirdt nitt van Inen genomen, nitt also bij
629 1188 2329 1315 Paulo, Ounder die liebe falt nitt, vnd anlassen vns,
642 1290 2071 1444 oft die wort Pauli, 1e. ad Cornithios xiij.
1230 1436 1736 1605 gidius murer
1592 1550 1694 1645 21
608 1609 2228 1800 Een bliben bij dem, und hoffen, das tuch opocalipsis
642 1749 2198 1914 hötte biblisch sijn, vnder beuelchen es dabij, einer
652 1842 1336 2014 Christlichen gemeinde
1093 1971 1959 2147 Meister Vlrich zwingli¬
610 2187 2302 2369 So beuelchen es wir ouch der Christenlichen gemeind
629 2331 1764 2467 vnd denen, So den 'tittel verstand,
1091 2437 1675 2651 gidius muwer
642 2628 2194 2827 Das aber meister Vlrich geredt hat, Aaulus ad
582 2768 2153 2956 Cornithios xiii. Rede nitt hie von der liebe der
