2479 3508
312 1323 444 1512 112
715 261 2329 485 van hunell herab komen, Das sie Das so das hebben
836 415 2335 614 der wellt gebe, das solliche wert sampt
754 530 2325 688 anndern Christenlichen vnß geleit sienne, So dach
739 628 2300 787 wir das brot Dasseles verstanden haben Christum
754 731 2263 916 Jesum Im geist vand glauben genossen, wir
762 834 2294 990 habend ouch alles Capitel mitt allen besondern
758 928 2237 1109 stucken anzogt Dacher Dienent, Das diso
748 1027 2259 1214 Overtt, mitzit verheissend van liblichen oder
1641 1136 2255 1284 Seunder verheissen
1460 1195 1567 1271 _
754 1154 1446 1329 sacramentlichen essen
1555 1249 2278 1413 Die sicherheit vn
750 1243 1530 1411 gens den toe Christi
764 1337 2202 1536 sers lebens vnnd sollt vnser lieber bruder
715 1452 2247 1639 dieselben gruwe vnnser beovernuß vinkeren
752 1555 2204 1727 mit grund der ysthrifft, verreß, an dem
729 1618 2259 1838 ontt, dan onch der offen buijck stab, vnnd
1216 1793 2204 1933 Wer das ick och gebouw
727 1807 1113 1947 Das brett
725 1875 2251 2043 wirt, vns dient Dan ein jeder merckt an
717 1974 2245 2165 den beiden wortlin vnnd, vnd aber Das
737 2091 2304 2271 es ein vß legende red ist, vnd nit ein verheissen,
731 2208 2304 2372 Den des loblichen essens will aber vnser lieber
731 2310 2269 2495 bruder Dissz wortt bliben lassen, Das es niet
676 2413 2323 2600 o ein verheisserung wert sich des leblichen essens
731 2530 2265 2709 werden wir woll zu faden sin, wo das nitt,
748 2645 2302 2824 (wirt es Im nit nachgelassen, das er reden
729 2725 2331 2916 wellen, es sie des leplichen essens ein verheisser
