2479 3508
1132 116 1849 289 Die funfte Schluszredi
672 255 2228 422 verstande, Diewil nun Christus, Soliche wort het
659 366 2273 526 gesagt, zij vinen Jungern, da g. Jun fragten, wann
681 447 2271 571 hin zukunft wurde ziii, hat Er Inen dise wort, zu
668 539 2288 693 amorgung gesagt, wil Ich hie muis teils verstanden
666 621 2273 753 haben, das der gruwel der zerstornung sijn, die zerste
674 710 2275 860 rung vnd hinnamming der Misss., und aller ceremo¬
668 796 2313 916 nien, wann wir Inderthebb biblisthen Schriften, Als
627 884 2328 999 Octorum. xiiie. als vorgemeldot, ouch vsserthalb den selben
674 965 2320 1109 biblisthen Othristen, kundtschaft haben, das die vpo¬
683 1055 2307 1209 stel geopfrot, das Ist Misss. gehapt handi Vogat also
674 1151 2286 1297 von unser gegenperthij, vns een far, oder ein zitt m:
668 1228 2260 1374 zuzoigen, siet der zichar der Opostten, das das hoch¬
666 1314 2268 1459 wirdig Accament des lebs Christi, nitt fur ein opfor
668 1406 2260 1562 gehalten sije worden, Sag mins verstands witter
657 1498 2303 1648 daruij, das es allein vmb der gund willen, fin zit lang,
674 1586 1153 1729 Vfhoren werde
1066 1654 1686 1819 Doctor Johannes
1132 1759 1603 1881 Gecolampaernis
732 1860 2298 2046 Die Prophetien voorss. Caniele, wie bider histori nach
631 1990 2273 2142 Ootten erfult werden, In den vierdhalb Jaren, vnd
674 2078 2305 2219 bij der zerstörung des Tempels, Ist Othon cler gnug
681 2168 2215 2322 verandtwurt, Das aber durch den Othulmeister
659 2260 2275 2408 Buchstab, Ingefurt wirdt zij erklarnijg der Pro¬
661 2348 2328 2500 phetien vsz. Aprilipsi, besthicht nitt ane Othmach
672 2431 2275 2572 wie Er ouch mitt vnuerstand (Er Ist Jung, wir
644 2517 2354 2666 wellen fins verzichen) In sinem bijchluij gethan hat,
642 2630 2358 2767 glich jam, wo ein christliche gemeind, sich hielte
651 2694 2311 2838 vff das aller nächst bij der Insagung vnsers her¬
653 2784 2298 2932 ven Jesu Christi, fudem nachtmal, das Colicks
