2479 3508
296 845 509 964 Cator
2044 150 2165 234 28
1117 140 1808 315 Die vi. Chlussredi
532 305 2037 466 lich von Inen bevolchen, daselbs das heilig gottlich
536 392 2104 532 wort, vnuermischt mitt mensttlicher ter rein vnd
536 488 2131 637 luter, dem volck furzutragen, vnd zu verkundenn,
534 574 2119 708 Dolichs hab Ich, nach minem vermogen, mitt ganz
536 668 2136 795 een hochstrm fliss gethan, Nun Ist aber ein pfarrer
547 749 2113 889 In der gemeldten Statt Gistlingen, mitt nam en
547 827 2219 973 forg ofwald, dat zum dictern mal, mith den geringsten,
536 921 2096 1073 mitt andren fromende christenlichen predicanten,
553 1023 2121 1140 Othmacht, kaijert, verfuristen lerer, vor dem ein fal¬
539 1077 2206 1240 tigen volck vrouft, vnd mitt vil andren lestvungen,
553 1202 2148 1351 angrift, Ouch dise zachen Artickel, zum oftern mal
536 1273 2152 1405 antastot hat, Carni Sich zu dem dickern mal, offen¬
536 1349 2067 1513 lich erbotten, vor den hochen Theilen sond all en
545 1463 2115 1605 gelerten, Quier ter Rechnung zugaben, In eig¬
528 1528 2104 1693 ner person, oder schriftlich, wil min feynnd ein
534 1637 2081 1762 versamminge, viler träffenlicher gelerter man:
518 1699 2048 1820 ner, hier versammet Est, hab Ich, vff Polich sin
541 1779 2110 1943 hoch erbieten, schriftlich vff das aller hochst ernoc¬
524 1887 2069 2021 drot, das Er sich hirhar, vff disen frijen plan
547 1948 2044 2123 verfuge, woll Joh Jan, vor den gelerten, vnnd
543 2037 2065 2188 voor diser christenlichen gemeind, rachmung vnnd
536 2127 2117 2273 andtwurt minne ter gaben, harwiderumb euch
520 2202 2133 2365 Inn guier Irthum, mitt heiliger Christ, wijsen,
549 2288 2144 2453 vnd leren, Vin genylich der hoffnung gewesenn,
520 2390 2188 2545 Er wurde sinem hochen erbieten nach, ersthinen zijn,
493 2490 2173 2632 Hab de schalb s in gewartot, biss vff den hijttigen tag,
520 2561 2192 2724 Aber Ich sich fun noch nitt, Ob nun fo, oder Iemand
532 2634 2158 2795 ven & inen wagen, mitt giuer Othrift hie wierde, dat
516 2726 2077 2908 Eer mich, miner berchalber, anziechen welt, hin
