2479 3508
338 1660 786 1783 such hievor onn
380 1754 799 1889 xviij blatt
851 284 2320 448 heben. Also were vill besser ijsm ein kilch von
853 411 2341 544 Bern hette das gewiss wortt, gets. van Irer
870 471 2351 656 predicanten, angenomen, Als onck an zwyffel
778 577 2326 728 viel gethan gabenn, an wyters befragen,
857 656 2322 807 aber de ettench gewesen sind Die daruber
867 745 2304 865 noch annder luet zehoren befert haben, Ist
857 840 2304 988 Diss Disputatz angesetchen worden, nit das
882 940 2328 1090 Jemand me eurch vns vnd wen vnser vier
884 1031 2335 1158 thusent werendt, vnnd all geleuwe vnd fromder
876 1129 2308 1289 Dan sant Paulus In götlichen eingen moge
857 1218 2339 1365 gelert werden, Dan eben Durch die predi¬
876 1320 2331 1467 canten. Dann In der vssern ker ist einen
868 1419 2343 1588 wie der ander, In der 1 Epist: zum Germth
2086 1517 2187 1592 eben
884 1517 2335 1671 am x cap. sounder allem mogen wir, dasselve
876 1615 2343 1781 bien bezugen, vor Ists gesagt vnß paulo den
884 1710 2351 1872 gerstlich richt alles er sie ver er wolle vnd
899 1814 2306 1980 sije wie vill oder wenig in wellen, Es
890 1901 2326 2075 hatt ont. nitt die meynung in sachenn
878 2009 2328 2160 des glaubens, wie In vssern gepoten, gott
872 2102 2331 2260 hett eben een dings allen erweelten, zu plouwen
878 2192 2304 2331 furgeben, Darumb Wenn er een thirtenn
942 2306 2324 2468 dasselbis offenbart so mussss In sinem
863 2362 2347 2553 hertzen bestglossen, werden, das alle furste
867 2507 2318 2658 Eennde heeren glauben mussen sollen sy
872 2602 1691 2768 anders solve werden,
1729 2607 2353 2741 Die klech van Ber¬
882 2694 2366 2853 musz fur sich pleinben, vnd des wort goet
890 2798 2351 2963 gewuss sijn Was Joch anners haer
