2479 3508
11 516 146 630 nierung des
20 693 132 788 Hexxen
29 770 135 880 Den 3.
18 884 139 992 nen. Das
16 1079 132 1173 que leur
2 1135 144 1268 socken sin
25 1254 141 1382 afft tenn
27 1887 135 2064 lijs of off
20 2033 132 2174 nell Xster
27 2154 128 2228 him
25 2367 150 2497 I am Sir
29 2488 153 2598 bewären,
18 2576 139 2715 men in
27 2769 139 2879 Hanns
211 992 294 1142 4
2046 139 2206 233 226
806 126 1387 258 Die 4 Sluijsroe
592 191 2179 395 Dryen Keiner vff Duien vss. gelent, Deßglichen
462 260 2268 478 Das osserwelet vassen pauens auch mir inen zustimpt
516 404 2302 554 Da woll zuuerstan ist, ein Jegklichen Christen monschen
498 473 2289 648 Wenn die meynung des hern were vff Diening
563 554 2295 718 gewesen, es were heitter angezoigt worden, Etlicher
586 660 2289 817 vnder Inen hette es vff duten angezogt, oder vß gelett
579 720 2289 915 Dan sollte man das oortlij ist, hie vff Duten ne¬
556 792 2286 1016 men, wie sy sagen, mocht vns woll schaden daans
577 900 2224 1111 enspringen, an vnserm vngezwyffelten glauben / an
572 1046 2224 1203 andern orten, so man es ouch allso nemen welke
579 1108 2262 1268 Nanckien Johanus 1 ca. Das wort ist fleißich
559 1189 2266 1364 werden. Item Lucas ii cap: Hgutt ist vns
572 1281 2289 1485 geporn. Der behallter der weder sollte min an dispi¬
577 1391 2255 1562 beiden exten Das Wortbij ist fur beduten genomen
1059 1481 2215 1654 was vns darusz mochts, entstan In
554 1524 880 1658 werden
1288 1584 2277 1750 Item van dem Spruch so is
554 1600 1028 1739 kunfftiger zijt
552 1645 2235 1853 am vj capn. fleijten ist kein mitz, gester mach der
534 1770 2257 1943 lenge Durch Benedictn. pfarrer von sant-gallen
1061 1865 2250 2049 will meijser vlrich mit siner de¬
579 1891 1025 2049 Dar gethan
532 1963 2181 2156 Alaranen vnd verstand zijchen, vff das fleijsten
559 2080 2242 2250 Christi Weelichen sinen verstan ick not
974 2163 2286 2322 Dan der her Jesus Christus Schlech¬
577 2226 895 2345 annim
572 2266 2242 2443 vngklich redt, fleissen, ist kein nietz, lassen haruß
1333 2378 2230 2533 So er doch vor aelweg
563 2385 1173 2538 Das worten min
579 2459 2273 2634 vnd deo mertheill wo er von sinem Fleisten vedt
581 2567 1488 2713 gesprochen min fleijten ende
1703 2580 2295 2722 Dabij voll zu
570 2652 967 2814 eer stan ist
1250 2648 2295 2818 Das Der her uit van sinem
541 2751 2302 2876 fleißen geredt hart, Sonder von dem fleischlichen verstand
561 2845 2291 3013 Ses der her ouch angezaigt petro Machers: g vs cop:
