2479 3508
171 1491 355 1633 7 M
185 1603 337 1796 48
1800 185 1920 347 74
835 154 1422 361 Die erst schlusred
1856 321 2056 488 Das
500 335 1802 522 er mir ein bevelch Daruß machen,
520 443 2048 592 sij aber ein gewaelt gehan, vnnd ein vnderstheid
500 538 2024 692 hatt, so vermerckend, en heiligen Enangelisten,
518 622 2030 786 Alleß mich gesendt dat min hun elsther vater
1507 704 2062 847 Item vsss. der
512 738 1304 897 Aleso sond ick vin ouch
488 796 2081 981 declaration, so ick ver darthan hab wie en ge¬
534 899 2060 1061 setzt hab zu regieren, sin pötliche klechen, wie
514 1001 2026 1164 Ses dan anzeigt hatt der vordrig spruch ettlich
512 1091 2083 1244 hirten ertlich lever, In weelichem clar¬
508 1160 2028 1340 lich anzaget wirt, ein empfolckner gewaldt
478 1242 2018 1465 vnd Das ein annder dingen ist, hirten vnnd
494 1412 696 1545 leren
1007 1445 1555 1673 Bercolus.
518 1619 2052 1840 Ich frag den pfarrer ein stuck, w er vss denen
516 1743 2002 1910 zweyen springen, Die dan meldent das ein
512 1828 2012 2004 sampt vnd dienstbarkem, so Christus smer kochen
486 1946 1982 2079 verlassen, hat, w er daruss jnfuren, welle
512 2018 2040 2187 Das wellicher ein sollich ampt hatt In Der
506 2115 2083 2297 kirchen, er sy ein lerer, ein, Euan gelist, em hirt
504 2219 2032 2389 vnd wechter Das er darinne en houpt der
498 2323 1747 2476 Kilchen, sy Daruff heeft antwort 9
1013 2448 1766 2666 Heo: pfarrer von
1162 2606 1475 2739 ppen zell
506 2656 2111 2947 romen lieben Christen, Ich hae In geleit wider
