2479 3508
155 629 302 765 137
302 421 544 539 Dema
280 525 437 684 M
633 227 2283 467 allein Das so sy bedeten-Sonders onch das sij ver¬
633 378 2275 559 heissenn. Das gepurt sich ouch zeverantwurtenn
654 467 2230 637 Vnnde sah allso vill dan zu man soll ansechen
663 550 2258 707 Die natur vnne artt der wortt, wie will Inen
605 639 2313 799 ven pott geben, sich, Dann den osserlichen worten
576 733 2258 905 Alls elementem Ist nit ins verluwen, Dan zu
588 833 2236 990 beduten. Die Inuerliche wort so vorhin Inn
669 922 2260 1083 Dem hertzen des menschen sind vnnd wo Den
635 1013 2260 1162 usserlichen worten, me zugeben wirtt, dan eins
627 1109 2287 1274 sollichs bedutens vnnd erinnerus so mag es ge¬
635 1200 2289 1366 acht werden fur ein zouberij, Dann was ist
588 1295 2221 1459 Zouberij annders Dann Das man vermeintt
2120 1404 2255 1512 Das
569 1389 2077 1550 mitt krafft, der worten vss zerichten,
648 1487 2266 1650 doch des wortt an Im swis nitt vermogen, also
669 1576 2296 1750 sagt der vysman die wortt der orysynn, Eccersia¬
641 1654 2323 1850 stes am lesten cap: Das sind alles stimmen oder
650 1780 2294 1945 negell, Es ist die monsilich natux der ersten ge¬
654 1892 2302 2024 purt halben, Inn der bildnus alls. er gegen pott er¬
669 1967 2260 2113 schaffen ist vast verduncklet vande verfuntertt
656 2071 2317 2232 Allso Das er den rechten eer meijser Christum
643 2164 2245 2328 langsam hort, vnnd den glast, göttlicher war¬
639 2255 2264 2413 heitt int bald aninmpt Durch bewegnes vnnd
641 2345 2313 2521 hindermus des fleischs, sind dem thorechten mons
648 2455 2304 2610 en, ettlich hielff gegeven worden, Nemlich die
654 2548 2283 2712 vsserliche wortt, Durch welche der monsthalls
635 2648 2198 2808 Durch stimuten vnnd negell, allß In Im seles
654 2706 2332 2903 erInnert werd vnnd allso leer erkennen sinen Inne¬
656 2842 2302 3024 lichen Meister vnnd empfechig werd, der warheit,
