2479 3508
334 2446 649 2646 Christi
775 244 2266 447 sy ouch houpter genant werden, houpt zesin¬
754 384 2235 522 vordert mer dan ein wechter, oder hirt
1192 478 2278 645 Die kilch ist om lijb Dorum
752 499 973 649 zusin
762 570 2272 750 hatt sy euch mir ein houpt, Erstin. Der
766 681 2228 842 onch nit schlecht ein Disthoff sonders ein
754 769 2279 929 bistgoff vnser Selen genant wixt Damit die
741 890 2270 1069 Inuerlich sorg vnnd versochung der Selen
819 988 2220 1176 So durch een geist gestaicht vnnd
754 1082 2260 1272 Christo allein zustat vermerckt wirt, da
768 1192 2247 1382 monstgen bisthoff „ ampt, ist ouch woll vine
806 1312 2241 1500 Der selen wielen, so es aber staet Im Vssern
754 1422 2216 1593 wert, so schafft een an der Seel uudt dan
785 1518 1894 1713 Der geist Christi wincke denn
1406 1687 1771 1840 Senniger
829 1765 2270 2007 Uter Sprach her Berchtoed, so ich pereedt
827 1940 2266 2095 Christus sig ein Ingelieet houpt der klchen
781 2047 2253 2205 red ich da das kein opostell geredt hatt
781 2157 2251 2331 vnd die wijll Christus gewesen sie es die
775 2255 2299 2437 Kilchen, wie kout er dan ein Ingelibet houpt
781 2360 1376 2529 sin der kilchen,
2005 2350 2235 2483 1750
1399 2379 1980 2504 Antwurt
775 2446 2247 2608 lassen, woll nach der potheit halb # Das er
768 2554 2310 2692 por der Kilchen vnd von ewigken sie gewesen,
808 2665 2287 2842 wer nach dan vnnd die gsthrifft van
791 2759 2268 2955 Christo Dem houpt vnser lebendig kilchen
