2479 3508
20 489 124 603 18 f.
18 590 135 662 der be¬
18 644 140 774 Hs.
23 759 144 860 Dat Den
20 837 140 993 and my
27 1060 135 1166 Der
18 1166 117 1308 eess
34 1288 137 1398 gewis¬
20 1351 135 1506 3. M
27 1477 122 1578 listt
32 1565 142 1677 mu daß
47 1664 131 1785 ist vor
27 1769 124 1869 vns
32 1968 140 2087 hebliche
25 2080 117 2215 I schickt
27 2368 149 2483 vijft
32 2461 158 2569 Das best
20 2564 131 2652 wirtt
38 2618 144 2744 Das
200 1155 311 1324 6
1787 162 1914 268 169
955 142 1670 313 die vierd schlussred
1961 209 2085 306 0
498 288 2213 468 vss dem Das van stund an harnach volgt, so er spricht
480 432 2177 543 welcher In mich vertruwt, den wirt niemermier
471 489 2123 642 Dursten, ist hie Koweolitz a. comptio In den
471 561 2213 754 worten vermercken wir Das alle die so zu Christo
486 682 2249 849 Jesu komen, Das ist Inn Ine vertruwen allß die overt
509 763 2285 937 selbs offenlich lintend, keinenn hungen men haben, noch
1504 882 1666 955 oder
498 862 2292 1038 durst noch annder trostungen seysungen, deshalb sij
482 973 2258 1121 hinfallt, Das trosten des lijblichen essens, Des lijbs Chri¬
770 1060 2204 1218 derglichen spricht er am selven Cap: Der
2231 1159 2326 1288 niet
491 1150 2170 1328 geijt ist der der Da lebenden macht, Das fleißen
2226 1279 2308 1385 list
489 1274 2152 1436 ist gar nutzit mitz hie hörent wir offentlichen
473 1348 2206 1526 Das es allein geist sin muß der Da lebendig macht
462 1457 2274 1628 (dan er daselbst von smein fleissen redt) gar nutzit a
489 1571 2175 1686 nutz ist, so verr mans essen wollte, Dan wir hie
486 1646 2186 1794 reden, von der fruchtbarkeit mins tods Den er Im¬
480 1749 2170 1878 fleisch erlitten hatt) die seel lebendig Zemachenn
500 1837 2107 1974 Darzu bedarff es schrifft Das der lichnam
480 1920 2154 2087 Christi, lyblich gessen, die seell troste, Dan aldert
489 2006 2170 2186 trost Inn der gschrifft allein, Dem göttlichen geist
471 2127 2109 2278 zugeben wirtt, alls van Johanne des xiiii cap:
473 2217 2118 2348 biess vff Das xviij cap: vill falckklichen anzeigt
477 2339 675 2440 wirtt
1396 2321 2109 2452 Das aber anzogen ist
572 2402 2100 2578 Der Danckbarkeit halb Inn allen spijsen Dient
473 2519 2107 2677 int zu der sach wir sagen en zwyffell Das man
482 2618 2118 2774 niet allein danckbar soll sien vmb navung vnnd alle
473 2717 2163 2875 gutthat. Die vns got bewijssen vnnd das zu aller zyt
473 2814 2213 2994 sonder ouch Das wir Im Danckbar selven sin so er vns
