2479 3508
1130 134 1886 336 Die funfte Ohlussredi
684 278 2309 418 In Kraft vnd wasen kumpt, wann der stirbt, der
680 387 2283 493 das testament gemacht het, Das also Christus
707 476 2326 631 Jesus der Gun gottes 1 gestorben Ist, vnd das testa¬
601 544 2304 697 Vinent bevestnot mitt sinem toe, Es Ist ouch of
686 641 2347 773 fenlich erfunden, das nitt allein das fleisch Christi
705 743 2355 875 tiblich geassen, niet das testament Ist, Maders ouch
699 845 2342 977 sin eijgen blut, nitt das testament Ist, Ounder das,
677 905 2251 1047 mitt dem das testament Ist vfgericht, wie erst
692 992 2347 1115 vnd vormals gehort, Die testamenter aber, oder vn:
699 1083 2323 1196 richter, sind die Apostel, Ist wel recht geredt, ende
707 1162 2342 1304 teillen aber das testament vs, das Ist die vergabne
684 1259 2359 1400 nachlaßung der sunden, wie luce. xxiii. Mathei
686 1338 2247 1504 xxviiio. Marti vltimo, Das das nachlassung der
705 1434 2292 1597 Cundi geprediget solle werden, durch die gangen
705 1518 2353 1667 welt hin, Das von Johansen und Maria anzogen
705 1595 2332 1758 Ist, glauben wir gern, das die muter Christi, fo¬
714 1688 2313 1869 thansen sije beuolchen, vnd fo dero, zuchtig vnd ge¬
707 1799 1769 1950 truwlich gewartot habe 1 13
1081 1924 2228 2088 Meister Johannes mannberger,
1748 2041 1850 2166 1
762 2122 2362 2292 Der berchtold, wider viver Othlussered arguier Ich,
741 2234 2357 2406 die da Iunhaltot, Christum den herren, vfopfern
705 2319 2379 2474 dem vatter, für die Aünde der lebenden vnd toeten
709 2425 2287 2553 Bije der Othrift widrig, bedruckt aber mich, Es
707 2510 2372 2642 zijn der Othrift einhaltig, vsß den Dubstanglichen wor¬
709 2616 2262 2746 ten Christi vnsers herren, Lute. xxii. So Er
718 2684 2302 2873 Opricht, Oiss Ist der Kolch, der vs. gossen wirdt,
