2479 3508
178 1055 456 1249 5 Cr
262 1247 345 1404 99
215 2480 401 2602 # dabij
989 188 1807 372 Die Oächste Thlussred
504 343 2053 508 , nie gnadigen herren, haben mich darzu eeuordrot,
549 448 1935 589 Ist es vijch nitt zu wussen gethan, das wussen
547 533 1125 653 mine herren wol
1072 657 1627 812 gidius muxer,
1386 760 1524 863 28
510 830 2098 1014 Die gnad unsers herren Jesu Christi 1 gije mitt vnns
547 985 2148 1076 allen, men, Diewil ein gange christanliche gr:
535 1039 2123 1189 meind, Je vnd fe gehalten het, das furbitt der hoch¬
529 1123 2053 1256 gelobten Junckfrouwen Marie, vnd der lieben vser:
537 1206 2057 1338 welten heiligen, verwundrot vns nitt ein wenig,
543 1289 2084 1410 das min heeren Predicanten, mitt den Iren, fin
537 1375 2131 1507 Sommliche Schlussred, haben lassen vsgan, So doch
541 1454 2152 1588 Christus, vnser aller bester Schulmeister, vns wol
541 1567 2168 1691 zu verstan hat gaben, das vil leren werden gebrucht,
535 1629 2191 1784 do nitt rederman zu wussen Ist, ob di von gott sijen,
543 1697 2119 1861 oder den mentschen, Namlich Nather. xo. Ein Ict:
537 1805 2069 1953 liche ler oder pflanzung, die da nitt kumpt von
512 1885 2100 2057 gott minem huwelst hen vatter, die wirdt vorgen¬
537 1978 2065 2123 tot 1 Co min Dise ler oder mennung der Oechssten
525 2036 2104 2210 Conclusion, etwan vor tusend Jaren, ouch erweckt Ist
529 2141 2112 2317 worden, durch den Vigilantium, ff daer vfgeru¬
506 2234 2125 2418 tot worden, dese lange zitt, vnd Ist widerumb ange¬
529 2329 2001 2464 nomen worden, die Er der hochgelotten gebouerin
537 2416 2063 2569 Christi, vnd der lieben heiligen, darumbus billich
535 2503 2133 2666 allen # zu bliben geraten sin sol, Das aber die Conclu:
539 2571 2104 2732 sion des ersten Innhaltet, Christus zijn fur vns ge¬
541 2658 2119 2833 torben, das glauben wir all, So aber witter furge¬
535 2751 2055 2914 wendt wirdt, Also „ Sol ein einiger mittler vnd
942 2856 1204 2982 das da
1805 3067 1923 3188 -
1720 3182 1914 3370 1m
2094 176 2241 256 266
