<?xml version="1.0" encoding="UTF-8" standalone="yes"?>
<PcGts xmlns="http://schema.primaresearch.org/PAGE/gts/pagecontent/2013-07-15">
    <Metadata>
        <Creator>prov=READ-COOP:name=TrHtr:version=2.41.0:model_id=51170:date=09_03_2026_17:24</Creator>
        <Created>2026-01-27T10:34:12.865+01:00</Created>
        <LastChange>2026-03-09T17:24:03.254+01:00</LastChange>
        <TranskribusMetadata docId="13922579" pageId="112790263" pageNr="340" status="IN_PROGRESS" userId="537" imgUrl="https://files.transkribus.eu/Get?fileType=view&amp;id=RWXDTCGSKYYCFRGRTWXQWGTN" imageId="95349358"/>
    </Metadata>
    <Page imageFilename="112790263.jpg" imageWidth="2479" imageHeight="3508">
        <TextRegion orientation="0.0" id="tr_1">
            <Coords points="579,211 579,2854 2251,2854 2251,211"/>
            <TextLine id="tr_1_tl_1" custom="readingOrder {index:1;}">
                <Coords points="1993,271 2013,268 2024,279 2040,279 2055,268 2073,279 2092,268 2115,281 2127,273 2150,279 2146,190 2131,190 2090,221 2065,221 2024,196 1989,194"/>
                <Baseline points="2003,256 2028,259 2053,262 2079,262 2104,262 2129,262 2155,268"/>
                <TextEquiv>
                    <Unicode>142</Unicode>
                </TextEquiv>
            </TextLine>
            <TextLine id="tr_1_tl_2" custom="readingOrder {index:2;}">
                <Coords points="1049,306 1309,285 1392,314 1491,295 1520,320 1582,291 1625,326 1710,271 1710,211 1662,180 1588,180 1543,215 1448,225 1410,204 1379,235 1328,233 1237,171 1194,213 1123,169 1047,182"/>
                <Baseline points="1059,274 1091,274 1124,274 1157,273 1190,271 1223,271 1256,271 1288,271 1321,271 1354,273 1387,275 1420,277 1453,279 1486,278 1518,277 1551,277 1584,277 1617,277 1650,277 1683,277 1716,277"/>
                <TextEquiv>
                    <Unicode>Die dritt ende hlustved</Unicode>
                </TextEquiv>
            </TextLine>
            <TextLine id="tr_1_tl_3" custom="readingOrder {index:3;}">
                <Coords points="878,440 1070,475 1142,434 1619,440 1691,477 1749,438 1966,452 2001,407 1900,405 1828,337 1503,378 1390,324 1202,372 876,312"/>
                <Baseline points="889,414 944,417 1000,418 1056,420 1112,423 1168,424 1224,426 1279,426 1335,429 1391,430 1447,432 1503,432 1559,432 1615,432 1670,432 1726,432 1782,432 1838,433 1894,435 1950,435 2006,438"/>
                <TextEquiv>
                    <Unicode>Pelagius am Stein, walther klarer.</Unicode>
                </TextEquiv>
            </TextLine>
            <TextLine id="tr_1_tl_4" custom="readingOrder {index:4;}">
                <Coords points="871,551 999,520 1053,566 1138,531 1284,576 1441,529 1602,586 1761,518 1852,566 2084,533 2053,440 1982,487 1871,444 871,463"/>
                <Baseline points="883,504 943,505 1003,509 1063,510 1124,513 1184,513 1244,516 1305,519 1365,521 1425,522 1486,519 1546,519 1606,519 1666,517 1727,516 1787,516 1847,516 1908,516 1968,515 2028,515 2089,519"/>
                <TextEquiv>
                    <Unicode>Mathias kesler, wldrij von Appenzetl.</Unicode>
                </TextEquiv>
            </TextLine>
            <TextLine id="tr_1_tl_5" custom="readingOrder {index:5;}">
                <Coords points="655,719 1495,694 1673,756 1879,706 2170,717 2170,601 1984,657 1615,615 1565,661 1410,603 1225,661 997,613 952,659 859,589 776,657 655,605"/>
                <Baseline points="665,689 740,689 816,692 891,689 967,692 1042,691 1118,695 1193,695 1269,698 1344,699 1420,701 1496,701 1571,701 1647,701 1722,704 1798,703 1873,701 1949,701 2024,691 2100,688 2176,683"/>
                <TextEquiv>
                    <Unicode>Als vil den dritten Artickel belanget, So hat vnser</Unicode>
                </TextEquiv>
            </TextLine>
            <TextLine id="tr_1_tl_6" custom="readingOrder {index:6;}">
                <Coords points="589,787 737,772 824,820 1072,779 1154,832 1251,789 1324,832 1388,781 1605,818 2156,785 2156,727 1673,756 1493,696 1427,741 805,696 589,733"/>
                <Baseline points="600,773 678,773 756,771 834,770 912,770 990,770 1068,773 1146,776 1224,776 1302,776 1380,781 1458,779 1536,779 1614,779 1692,777 1770,776 1848,776 1926,774 2004,772 2082,770 2161,770"/>
                <TextEquiv>
                    <Unicode>her pfarrer van Appenzell, Christum mitt sinem</Unicode>
                </TextEquiv>
            </TextLine>
            <TextLine id="tr_1_tl_7" custom="readingOrder {index:7;}">
                <Coords points="601,865 1094,865 1200,925 1258,869 1669,869 1710,911 1784,865 2164,876 2164,785 1867,824 1718,783 1553,832 1394,783 1324,832 1074,781 1006,820 890,783 789,820 737,774 601,805"/>
                <Baseline points="612,862 689,862 767,860 845,859 923,856 1001,856 1079,858 1157,856 1235,856 1313,859 1391,859 1468,862 1546,862 1624,862 1702,862 1780,863 1858,862 1936,863 2014,860 2092,859 2170,859"/>
                <TextEquiv>
                    <Unicode>verdienst, unsern heiland, gezogen vff die Erbsund,</Unicode>
                </TextEquiv>
            </TextLine>
            <TextLine id="tr_1_tl_8" custom="readingOrder {index:8;}">
                <Coords points="589,977 1869,944 1960,991 2020,942 2125,1012 2100,878 1710,911 1666,869 1571,913 1439,859 1187,925 1127,878 923,913 834,867 714,923 589,863"/>
                <Baseline points="600,949 676,950 753,948 829,943 906,943 982,943 1059,940 1135,943 1212,943 1288,942 1365,943 1442,943 1518,943 1595,943 1671,941 1748,940 1824,940 1901,940 1977,940 2054,940 2131,937"/>
                <TextEquiv>
                    <Unicode>damitt dem volckli, vil verdienst, In manicherleij</Unicode>
                </TextEquiv>
            </TextLine>
            <TextLine id="tr_1_tl_9" custom="readingOrder {index:9;}">
                <Coords points="595,1059 2092,1028 2092,954 2020,942 1949,1004 1600,940 1549,985 1342,944 1243,993 597,975"/>
                <Baseline points="606,1030 680,1035 754,1032 829,1028 903,1027 978,1027 1052,1027 1127,1030 1201,1030 1276,1028 1350,1026 1424,1024 1499,1024 1573,1024 1648,1021 1722,1021 1797,1021 1871,1021 1946,1024 2020,1024 2095,1024"/>
                <TextEquiv>
                    <Unicode>wiss, an vil Orten verordnet, und fürgeben, des</Unicode>
                </TextEquiv>
            </TextLine>
            <TextLine id="tr_1_tl_10" custom="readingOrder {index:10;}">
                <Coords points="595,1150 700,1177 861,1121 1212,1152 1384,1115 1666,1177 1759,1123 1900,1134 1900,1049 1171,1030 1105,1074 595,1094"/>
                <Baseline points="606,1122 670,1128 735,1128 800,1120 865,1116 930,1116 995,1116 1060,1116 1125,1116 1190,1116 1255,1116 1319,1116 1384,1112 1449,1110 1514,1110 1579,1112 1644,1112 1709,1110 1774,1110 1839,1109 1904,1104"/>
                <TextEquiv>
                    <Unicode>begaren wir ein vrkund der Schrift, 24</Unicode>
                </TextEquiv>
            </TextLine>
            <TextLine id="tr_1_tl_11" custom="readingOrder {index:11;}">
                <Coords points="925,1284 1035,1270 1094,1313 1142,1268 1313,1278 1388,1317 1464,1274 1784,1293 1803,1152 1631,1156 1567,1200 1439,1181 1386,1212 1305,1144 1161,1204 1024,1134 923,1187"/>
                <Baseline points="937,1262 980,1256 1024,1253 1067,1256 1111,1256 1155,1259 1198,1259 1242,1259 1285,1261 1329,1264 1373,1267 1416,1266 1460,1267 1503,1268 1547,1268 1591,1268 1634,1270 1678,1269 1721,1268 1765,1268 1809,1268"/>
                <TextEquiv>
                    <Unicode>Theobaldus Hutter, ffar:</Unicode>
                </TextEquiv>
            </TextLine>
            <TextLine id="tr_1_tl_12" custom="readingOrder {index:12;}">
                <Coords points="1012,1338 1076,1348 1113,1384 1177,1388 1225,1348 1249,1369 1295,1359 1369,1404 1452,1365 1530,1415 1627,1373 1625,1289 1518,1313 1441,1282 1408,1313 1322,1311 1272,1280 1198,1293 1142,1268 1084,1315 1012,1280"/>
                <Baseline points="1024,1334 1054,1336 1084,1338 1114,1340 1145,1340 1175,1340 1205,1340 1236,1340 1266,1341 1296,1343 1327,1345 1357,1345 1387,1343 1417,1341 1448,1340 1478,1340 1508,1340 1539,1340 1569,1341 1599,1343 1630,1349"/>
                <TextEquiv>
                    <Unicode>ter zu Oppenzell</Unicode>
                </TextEquiv>
            </TextLine>
            <TextLine id="tr_1_tl_13" custom="readingOrder {index:13;}">
                <Coords points="580,1524 942,1510 1264,1563 1551,1530 1644,1586 1747,1520 2131,1538 2131,1429 2061,1408 1879,1479 1660,1390 1545,1448 1270,1377 1152,1474 1043,1485 888,1479 743,1392 661,1464 580,1439"/>
                <Baseline points="591,1507 668,1509 745,1511 822,1513 900,1513 977,1513 1054,1514 1132,1516 1209,1516 1286,1516 1364,1517 1441,1519 1518,1519 1595,1516 1673,1512 1750,1510 1827,1508 1905,1507 1982,1507 2059,1508 2137,1513"/>
                <TextEquiv>
                    <Unicode>In driem namen heer gesuchtigte Amen, In</Unicode>
                </TextEquiv>
            </TextLine>
            <TextLine id="tr_1_tl_14" custom="readingOrder {index:14;}">
                <Coords points="591,1623 1229,1613 1307,1666 1571,1611 1712,1658 1852,1598 2154,1600 2154,1520 1999,1563 1927,1516 1797,1569 1708,1538 1656,1588 1553,1530 1485,1584 940,1510 894,1555 593,1524"/>
                <Baseline points="603,1609 680,1606 758,1603 836,1603 914,1601 991,1603 1069,1603 1147,1606 1225,1606 1302,1603 1380,1606 1458,1606 1536,1606 1613,1604 1691,1601 1769,1595 1847,1588 1924,1585 2002,1585 2080,1585 2158,1585"/>
                <TextEquiv>
                    <Unicode>dem als Si mich anzuchen, die wij so wider mich</Unicode>
                </TextEquiv>
            </TextLine>
            <TextLine id="tr_1_tl_15" custom="readingOrder {index:15;}">
                <Coords points="609,1710 2249,1704 2251,1545 1712,1660 611,1627"/>
                <Baseline points="620,1695 701,1695 783,1692 864,1692 946,1692 1027,1692 1109,1692 1190,1692 1272,1692 1353,1689 1435,1687 1517,1686 1598,1686 1680,1685 1761,1680 1843,1677 1924,1672 2006,1671 2087,1674 2169,1674 2251,1677"/>
                <TextEquiv>
                    <Unicode>stand, von muen hebren van Appenzell, Mamlich u,</Unicode>
                </TextEquiv>
            </TextLine>
            <TextLine id="tr_1_tl_16" custom="readingOrder {index:16;}">
                <Coords points="593,1807 1138,1790 1253,1867 1340,1807 1693,1782 1739,1825 1863,1772 2148,1772 2096,1691 1892,1681 1768,1739 1569,1699 1458,1739 1400,1687 1278,1761 1152,1699 727,1747 595,1706"/>
                <Baseline points="603,1791 680,1791 757,1788 835,1786 912,1785 990,1782 1067,1783 1145,1785 1222,1785 1300,1785 1377,1783 1454,1782 1532,1779 1609,1779 1687,1777 1764,1772 1842,1770 1919,1765 1997,1762 2074,1758 2152,1761"/>
                <TextEquiv>
                    <Unicode>Ich hab gelert vnd geprediget u, Christus hab al¬</Unicode>
                </TextEquiv>
            </TextLine>
            <TextLine id="tr_1_tl_17" custom="readingOrder {index:17;}">
                <Coords points="593,1877 1256,1894 1344,1953 1427,1889 2121,1861 2158,1805 1861,1774 1739,1828 1683,1782 1299,1844 1187,1782 1051,1784 911,1858 787,1788 671,1838 593,1807"/>
                <Baseline points="603,1874 680,1874 758,1874 836,1871 914,1871 992,1868 1070,1870 1148,1874 1226,1877 1304,1877 1382,1877 1459,1876 1537,1874 1615,1869 1693,1863 1771,1859 1849,1857 1927,1855 2005,1846 2083,1845 2161,1845"/>
                <TextEquiv>
                    <Unicode>lein fur die Erbsund gelitten, vnd mussen wir</Unicode>
                </TextEquiv>
            </TextLine>
            <TextLine id="tr_1_tl_18" custom="readingOrder {index:18;}">
                <Coords points="580,2001 1889,1941 1962,1991 2191,1982 2193,1875 1429,1889 1353,1945 1103,1889 824,1925 758,1877 681,1943 580,1925"/>
                <Baseline points="591,1967 671,1964 751,1964 831,1961 912,1958 992,1955 1072,1955 1153,1957 1233,1961 1313,1960 1394,1958 1474,1955 1554,1952 1634,1948 1715,1945 1795,1940 1875,1940 1956,1935 2036,1933 2116,1937 2197,1940"/>
                <TextEquiv>
                    <Unicode>binnst vmb unser sünde, ouch etwas tun, weis Ich</Unicode>
                </TextEquiv>
            </TextLine>
            <TextLine id="tr_1_tl_19" custom="readingOrder {index:19;}">
                <Coords points="580,2069 1336,2048 1441,2096 1518,2048 1784,2071 1978,2024 2158,2075 2160,1980 1958,1997 1902,1939 1621,1953 1580,1995 904,1960 754,2026 582,2001"/>
                <Baseline points="591,2051 669,2051 748,2050 826,2045 905,2045 984,2043 1062,2044 1141,2042 1220,2045 1298,2045 1377,2042 1456,2041 1534,2039 1613,2034 1692,2032 1770,2027 1849,2024 1928,2021 2006,2021 2085,2018 2164,2018"/>
                <TextEquiv>
                    <Unicode>nieman, der für vns te gelitten hab, fur die Erb:</Unicode>
                </TextEquiv>
            </TextLine>
            <TextLine id="tr_1_tl_20" custom="readingOrder {index:20;}">
                <Coords points="591,2177 1161,2127 1355,2195 1472,2123 2053,2119 2094,2036 1441,2096 1338,2048 1280,2092 593,2059"/>
                <Baseline points="603,2131 677,2140 752,2137 827,2132 902,2131 976,2131 1051,2128 1126,2127 1201,2125 1275,2125 1350,2126 1425,2122 1500,2122 1574,2122 1649,2119 1724,2117 1799,2112 1873,2107 1948,2102 2023,2098 2098,2098"/>
                <TextEquiv>
                    <Unicode>sijnd, dann fesum Christum allein, wussen etc.</Unicode>
                </TextEquiv>
            </TextLine>
            <TextLine id="tr_1_tl_21" custom="readingOrder {index:21;}">
                <Coords points="586,2230 1815,2203 1937,2238 2179,2216 2181,2150 1462,2123 1342,2191 1146,2127 958,2189 681,2156 586,2199"/>
                <Baseline points="597,2221 676,2223 755,2221 835,2215 914,2212 994,2210 1073,2209 1152,2209 1232,2209 1311,2209 1391,2205 1470,2203 1549,2200 1629,2199 1708,2200 1788,2197 1867,2191 1946,2191 2026,2188 2105,2185 2185,2185"/>
                <TextEquiv>
                    <Unicode>aber etwan einandern, der fur die Erbsund gelitten</Unicode>
                </TextEquiv>
            </TextLine>
            <TextLine id="tr_1_tl_22" custom="readingOrder {index:22;}">
                <Coords points="582,2317 946,2342 989,2300 1024,2340 1753,2282 1914,2346 1984,2286 2241,2313 2243,2232 816,2220 584,2286"/>
                <Baseline points="594,2307 676,2310 759,2308 841,2304 924,2301 1006,2297 1089,2295 1171,2295 1254,2298 1336,2295 1419,2290 1502,2286 1584,2283 1667,2280 1749,2280 1832,2277 1914,2277 1997,2276 2079,2274 2162,2271 2245,2274"/>
                <TextEquiv>
                    <Unicode>habe, den zougen mir an, Damitt nitt abgeschlagen,</Unicode>
                </TextEquiv>
            </TextLine>
            <TextLine id="tr_1_tl_23" custom="readingOrder {index:23;}">
                <Coords points="570,2414 2090,2404 2152,2327 1987,2288 1912,2346 1751,2286 1687,2336 1520,2290 1028,2340 989,2302 946,2344 791,2315 725,2371 572,2309"/>
                <Baseline points="582,2394 660,2398 739,2396 817,2394 896,2391 975,2386 1053,2385 1132,2385 1211,2385 1289,2385 1368,2382 1447,2382 1525,2379 1604,2379 1683,2376 1761,2376 1840,2373 1919,2373 1997,2373 2076,2370 2155,2373"/>
                <TextEquiv>
                    <Unicode>das Er für die Erbsund, vnd all ander sijnd ge¬</Unicode>
                </TextEquiv>
            </TextLine>
            <TextLine id="tr_1_tl_24" custom="readingOrder {index:24;}">
                <Coords points="580,2505 2090,2459 2218,2499 2236,2352 1927,2439 1856,2393 1720,2428 1545,2383 1247,2428 1074,2389 772,2451 582,2414"/>
                <Baseline points="594,2480 676,2486 758,2483 840,2481 923,2477 1005,2472 1087,2472 1169,2472 1252,2469 1334,2469 1416,2469 1498,2469 1581,2471 1663,2466 1745,2466 1827,2466 1910,2461 1992,2460 2074,2459 2156,2457 2239,2463"/>
                <TextEquiv>
                    <Unicode>litten hab, und vns erlöst, Das wir aber ouch mus¬</Unicode>
                </TextEquiv>
            </TextLine>
            <TextLine id="tr_1_tl_25" custom="readingOrder {index:25;}">
                <Coords points="572,2598 1664,2554 1937,2608 1995,2552 2152,2548 2152,2484 1887,2466 1218,2534 1117,2472 876,2521 574,2505"/>
                <Baseline points="585,2576 663,2573 742,2570 820,2567 899,2564 977,2561 1056,2561 1134,2560 1213,2558 1291,2558 1370,2555 1448,2554 1527,2552 1605,2552 1684,2551 1762,2549 1841,2549 1919,2546 1998,2546 2076,2542 2155,2546"/>
                <TextEquiv>
                    <Unicode>sen etwas tun, damitt wir nitt lar. ersthinen</Unicode>
                </TextEquiv>
            </TextLine>
            <TextLine id="tr_1_tl_26" custom="readingOrder {index:26;}">
                <Coords points="568,2668 2197,2656 2197,2542 1991,2554 1935,2610 1584,2577 1344,2623 1210,2573 568,2618"/>
                <Baseline points="579,2654 660,2654 741,2651 822,2648 903,2645 985,2642 1066,2642 1147,2644 1228,2645 1309,2645 1391,2645 1472,2645 1553,2642 1634,2642 1715,2642 1797,2639 1878,2636 1959,2636 2040,2635 2121,2633 2203,2639"/>
                <TextEquiv>
                    <Unicode>Ermant Er vns, Vinen gebotten gehorsam zusind¬</Unicode>
                </TextEquiv>
            </TextLine>
            <TextLine id="tr_1_tl_27" custom="readingOrder {index:27;}">
                <Coords points="568,2738 793,2786 859,2736 1049,2771 1253,2736 1334,2786 1474,2736 2177,2771 2131,2666 1970,2705 1873,2662 1276,2649 1198,2693 766,2668 568,2713"/>
                <Baseline points="579,2734 659,2737 739,2734 819,2734 899,2731 979,2731 1059,2731 1139,2731 1219,2734 1299,2734 1379,2731 1459,2731 1539,2731 1619,2731 1699,2734 1779,2733 1859,2731 1939,2731 2019,2731 2099,2737 2179,2740"/>
                <TextEquiv>
                    <Unicode>guts zu wurcken vnd zu tun, Als Palmo. xxxv</Unicode>
                </TextEquiv>
            </TextLine>
            <TextLine id="tr_1_tl_28" custom="readingOrder {index:28;}">
                <Coords points="574,2841 640,2877 917,2821 1200,2825 1247,2868 1326,2825 1466,2868 1685,2829 1799,2879 1871,2833 2158,2837 2156,2784 1978,2746 1920,2779 1865,2734 1516,2794 1251,2736 1109,2784 977,2746 785,2800 572,2740"/>
                <Baseline points="585,2833 668,2825 751,2821 834,2820 917,2815 1000,2818 1083,2821 1166,2822 1249,2824 1332,2823 1416,2821 1499,2821 1582,2821 1665,2824 1748,2827 1831,2825 1914,2827 1997,2826 2080,2827 2164,2824"/>
                <TextEquiv>
                    <Unicode>Eeckma 4 malo, et fat bonum, Neig dich von</Unicode>
                </TextEquiv>
            </TextLine>
        </TextRegion>
    </Page>
</PcGts>
