2479 3508
2058 174 2213 255 250
928 174 1632 347 Die funfte Schlusseredi
573 336 2153 505 Oprich Ich, das Er gnugsam ufgelost werd, So man die
1908 438 2024 496 „Gs ”
606 440 2188 579 Oach recht verstund, Aber zu mer erkandtnus,, Op rach¬
604 546 2170 671 en wir, das in der Schrift geredt wirdt, von zwocerley
691 615 862 685 ning
612 600 2157 731 opter,, christi, zum ersten von dem Opfer, das da ver¬
617 696 2095 833 bracht Ist durch Christum, am holtz des heiligen
615 783 2209 901 Crutzes, Cieselbij vfopfornug Ist niet Dacommentlich,
608 864 2203 995 wie wir bagen, vnd Ist allein ein mal bestkachen
604 951 2222 1096 volkomen gemacht In ewitert, vnd also Ist es wir
604 1036 2045 1177 das Christus nitt niet myt lidlich vfgeopfrot
600 1129 2085 1269 werden, Als wenig als wider sterben, die
600 1210 2122 1377 andre vfopfrung Ist geistlich, da gott dem
588 1298 2155 1458 vatter, die erste vfopfraug wirdt wuerum fur¬
596 1412 2147 1565 gehalten, oder representiert, mitt dem oock wirdi¬
602 1480 2047 1657 gen Document, In den Ampt der heiligen
592 1576 2180 1746 wijss, vnd das diss war zijt, soo bezug schs mitt
586 1657 2031 1831 disem tegangezognen Opruch Actorum xiii.
592 1761 2151 1877 Da hat mir andtwurt gaben, Herr Martinus
581 1837 2161 1979 buijer, Es stande nitt opfern, sunders dienen,
569 1923 2151 2060 met wurt Ich, das es heitter hie dat, opfren, vnd
583 2018 2174 2209 Ist vertolmetsthot, durch den hoch vnd wolgelerten,
588 2105 2074 2253 Frasimum Roterodammin, der ane allen Zwifel,
571 2203 2182 2363 die Tach wol besichtigt het, noch by diser zitt läbt,
577 2319 2143 2438 vnd der Griechisthen Oprach wol erfaren Ist, des
594 2411 2114 2554 haben wir zij einer zügnis, & in exemplar hie ge
569 2494 2238 2622 gen wurtig, Das aber per Martinus buijer Cpricht,
573 2570 2178 2724 Jo Jande Dienen, wie die alte translatie het, welten
583 2635 2236 2803 wir geen wussen, was dasselb fur ein uijsiger dienst
573 2751 2151 2932 ware gsij, zu merer erkandtnus der warheit,
