2479 3508
185 520 476 714 4 feb
84 1567 516 1725 prima adcorin.
105 1660 383 1797 thies vj
381 2521 529 2709 24
242 2789 411 2905 222
1934 152 2123 280 300
1078 289 1862 465 Die achtende Schlussvedi
571 434 2182 569 Silder mathen zu vererung, Ist wider gottes wort,
550 552 2081 695 mijws vnd alts testaments, Oosthalb wo si In
558 636 2003 788 geuar der verevning furgestelt, alhijtund sind,
1131 767 1637 923 Francistus Kolb.
558 904 2140 1144 podi-ij.o Du golt dir kein bilder machen, noch Jen:
550 1059 2035 1211 dert ein glichnus, weder des das eben Im. himel.
543 1146 2073 1276 noch des, das vnden vff Erden, noch desß das Im
552 1245 2039 1369 wasser, vnder der erden Ist, watte Oi nitt an,
562 1314 2113 1489 vnd dien Inen nitt u, Oeutronomij. iiij.o Be¬
550 1426 2163 1565 waren uwer Selen, Ir haben de hem, glichnus gesach¬
944 1519 1144 1580 „da gott„
556 1519 2045 1643 en, Indem tag, als der herr mitt ich geredt hat
569 1599 2140 1761 off dem bergweb # Cie den abgotten dienen, wer¬
550 1658 2243 1837 den das Rich gottes niet besitzen, prima ad Cornithios xo.
556 1786 2106 1931 Fliechende van dem dienst der abgutter, Chri¬
556 1872 2077 2024 stus fesus hat ons ouch gelernot was wis zijn
529 1955 2098 2123 guts thun wellen, das wir das thuijgen vnserm
550 2035 2178 2176 nächsten, Nathei xxve. Gott kan und mag man
543 2117 2142 2300 Dehe in bilding machen, die menstheit Christi,
543 2216 2150 2363 Tol In unseren nächsten angeschowet vnd vererot
552 2279 2176 2464 werden, Mathei. xxv. hie nachst angezogen, vnd
537 2393 2142 2549 Paulus ermandt vns ouch, ad Romanos xij. Das
550 2481 2193 2629 wir, einer den andren, mitt Er erbiettung furkom¬
537 2597 2108 2709 men, Dirwil min wider das hall wort gottes,
550 2664 2056 2818 vnd wider die ler Christi vnd der Apostel, Co¬
537 2753 2075 2921 mitt grossem kosten, allenthalb uffgericht sind,
