2479 3508
316 479 596 703 46
739 236 2332 473 so gewalltiger exten, der gsthrifft gezooningen wer¬
745 379 2254 544 een/ Dis wort, das ist min lichnam int
747 483 2266 651 ze verstan van dem liblichen wesenlichen
745 588 2294 725 lichnam Christi, erkennen wir Das deser
733 683 2272 866 wort einen andern sinn, weder wesenlich
723 794 2246 953 haben mussen vnd so von mengklichem
733 882 2242 1059 aller Christen ouch mit der kundtschafft
763 985 2272 1162 pauli / 1 ^ Epr: zum Chormth: arm v ca: Das
743 1081 2266 1253 osterlaine Im aelcen testament, ein vorbe¬
747 1196 2195 1345 Dutnus gewesen ist Des rechten lambs
739 1281 1039 1436 Christi
1241 1277 2302 1436 Welches nit allein die Isra¬
741 1372 2338 1529 Geler vss. Egipten gefurt somder die gantzen
733 1482 2314 1629 welcet vss gewaelt des thuffels vnd verdamp¬
753 1571 2332 1738 nuß erldß hatt, So erkennen wir das der
753 1672 2284 1849 heillig geist, Durch den die ysthrifft ge¬
753 1770 2231 1933 storiben ist 2 a peixi 1 cap. In dem mund
739 1859 2246 2056 Christi Jesu die wortt, gebruche hat, die
745 1949 2336 2133 ex ouch vormaes In der vorbedutenden Danck
755 2076 1426 2244 sagung gebrucht
1514 2086 2292 2250 Damit er In allen
765 2181 2314 2346 smen worten attmen, empfunden wurd. Nun
749 2254 1581 2461 stat Exo: am pij, allso
1778 2306 2306 2429 Anne Ir over¬
2002 2399 2223 2509 p'over
741 2374 1950 2566 dent Das osterham allso essum,
747 2499 2344 2662 lennde sollende purt sin vorer schuck an vörern
735 2584 2324 2747 fussen, vnnd stel In voorn. henden, In over¬
751 2677 2252 2842 Dents ouch mitt ijll essen, Das ist der
771 2779 2320 2975 Werstheit des hern, Hie sechende wir das
