<?xml version="1.0" encoding="UTF-8" standalone="yes"?>
<PcGts xmlns="http://schema.primaresearch.org/PAGE/gts/pagecontent/2013-07-15">
    <Metadata>
        <Creator>prov=READ-COOP:name=TrHtr:version=2.41.0:model_id=51170:date=09_03_2026_17:23</Creator>
        <Created>2026-01-27T10:33:37.514+01:00</Created>
        <LastChange>2026-03-09T17:23:25.755+01:00</LastChange>
        <TranskribusMetadata docId="13922579" pageId="112788713" pageNr="68" status="IN_PROGRESS" userId="537" imgUrl="https://files.transkribus.eu/Get?fileType=view&amp;id=XADXQYYTTVBANJEIZBGRTPXT" imageId="95348901"/>
    </Metadata>
    <Page imageFilename="112788713.jpg" imageWidth="2479" imageHeight="3508">
        <TextRegion orientation="0.0" id="tr_1">
            <Coords points="32,395 32,2809 155,2809 155,395"/>
            <TextLine id="tr_1_tl_1" custom="readingOrder {index:1;}">
                <Coords points="43,467 57,462 63,452 74,452 80,458 86,454 102,464 117,458 106,411 96,413 90,407 78,405 68,415 39,397 29,399"/>
                <Baseline points="47,432 83,442 119,447"/>
                <TextEquiv>
                    <Unicode>deßen</Unicode>
                </TextEquiv>
            </TextLine>
            <TextLine id="tr_1_tl_2" custom="readingOrder {index:2;}">
                <Coords points="37,555 51,552 63,559 94,532 115,540 129,532 108,456 96,460 72,452 53,483 45,479 37,489 18,487"/>
                <Baseline points="35,507 68,516 101,526 134,534"/>
                <TextEquiv>
                    <Unicode>referm</Unicode>
                </TextEquiv>
            </TextLine>
            <TextLine id="tr_1_tl_3" custom="readingOrder {index:3;}">
                <Coords points="27,638 35,638 47,649 59,647 70,636 80,636 96,626 113,634 119,630 129,632 129,600 115,595 106,598 74,567 68,567 53,555 45,557 37,548 29,548"/>
                <Baseline points="38,626 70,624 102,623 134,623"/>
                <TextEquiv>
                    <Unicode>from</Unicode>
                </TextEquiv>
            </TextLine>
            <TextLine id="tr_1_tl_4" custom="readingOrder {index:4;}">
                <Coords points="31,753 41,751 55,761 70,761 92,733 119,743 139,735 119,636 94,632 70,636 35,683 16,685"/>
                <Baseline points="32,707 59,712 86,718 113,726 140,725"/>
                <TextEquiv>
                    <Unicode>in zunge</Unicode>
                </TextEquiv>
            </TextLine>
            <TextLine id="tr_1_tl_5" custom="readingOrder {index:5;}">
                <Coords points="55,849 65,849 90,868 115,841 121,847 137,845 131,780 104,784 72,769 47,773"/>
                <Baseline points="62,815 88,817 114,819 140,824"/>
                <TextEquiv>
                    <Unicode>men</Unicode>
                </TextEquiv>
            </TextLine>
            <TextLine id="tr_1_tl_6" custom="readingOrder {index:6;}">
                <Coords points="31,945 49,933 70,933 84,945 102,945 123,960 137,958 125,861 108,861 100,855 88,868 76,866 63,855 57,866 18,866"/>
                <Baseline points="35,904 60,906 86,908 111,911 137,919"/>
                <TextEquiv>
                    <Unicode>anderts</Unicode>
                </TextEquiv>
            </TextLine>
            <TextLine id="tr_1_tl_7" custom="readingOrder {index:7;}">
                <Coords points="35,1115 53,1117 68,1132 72,1127 76,1132 92,1130 102,1138 119,1125 129,1125 123,1033 110,1033 96,1025 76,1048 51,1027 43,1037 29,1039"/>
                <Baseline points="47,1110 76,1112 105,1114 134,1116"/>
                <TextEquiv>
                    <Unicode>under</Unicode>
                </TextEquiv>
            </TextLine>
            <TextLine id="tr_1_tl_8" custom="readingOrder {index:8;}">
                <Coords points="29,1895 41,1897 59,1887 70,1901 92,1899 98,1909 110,1909 121,1921 135,1923 153,1819 135,1821 115,1811 96,1821 86,1815 65,1821 59,1811 45,1807"/>
                <Baseline points="44,1868 71,1864 99,1859 127,1854 155,1848"/>
                <TextEquiv>
                    <Unicode>vnser</Unicode>
                </TextEquiv>
            </TextLine>
            <TextLine id="tr_1_tl_9" custom="readingOrder {index:9;}">
                <Coords points="23,1973 43,1981 53,1975 65,1983 86,1966 98,1979 117,1977 131,1993 141,1995 160,1899 149,1897 108,1921 86,1921 72,1899 57,1887 39,1883"/>
                <Baseline points="35,1964 65,1958 95,1954 125,1948 155,1940"/>
                <TextEquiv>
                    <Unicode>für wurdig</Unicode>
                </TextEquiv>
            </TextLine>
            <TextLine id="tr_1_tl_10" custom="readingOrder {index:10;}">
                <Coords points="33,2801 43,2801 47,2807 53,2803 63,2807 84,2795 92,2795 98,2803 108,2797 121,2799 131,2726 119,2726 108,2713 88,2719 78,2730 63,2736 43,2734"/>
                <Baseline points="47,2788 74,2786 101,2781 128,2776"/>
                <TextEquiv>
                    <Unicode>by</Unicode>
                </TextEquiv>
            </TextLine>
        </TextRegion>
        <TextRegion orientation="0.0" id="tr_2">
            <Coords points="552,258 552,2842 2218,2842 2218,258"/>
            <TextLine id="tr_2_tl_1" custom="readingOrder {index:1;}">
                <Coords points="1977,305 1989,305 2007,323 2024,323 2042,342 2061,334 2081,338 2079,221 2061,221 2048,233 2036,235 2014,229 2003,237 1985,221 1975,221"/>
                <Baseline points="1988,310 2020,308 2053,308 2086,313"/>
                <TextEquiv>
                    <Unicode>23</Unicode>
                </TextEquiv>
            </TextLine>
            <TextLine id="tr_2_tl_2" custom="readingOrder {index:2;}">
                <Coords points="927,336 1029,315 1175,364 1428,336 1494,374 1678,331 1674,180 1604,244 1529,194 1498,223 1389,223 1330,172 1234,221 1117,209 1068,241 923,180"/>
                <Baseline points="937,304 974,307 1011,305 1048,307 1085,313 1122,320 1159,325 1197,325 1234,325 1271,325 1308,324 1345,322 1382,322 1419,322 1457,322 1494,324 1531,324 1568,322 1605,319 1642,317 1680,310"/>
                <TextEquiv>
                    <Unicode>Die Erst Schlußred</Unicode>
                </TextEquiv>
            </TextLine>
            <TextLine id="tr_2_tl_3" custom="readingOrder {index:3;}">
                <Coords points="583,495 2069,501 2069,424 1942,336 1819,422 1563,381 1224,444 880,383 583,424"/>
                <Baseline points="594,468 668,468 742,468 816,468 890,468 964,468 1038,468 1112,468 1186,468 1260,468 1334,467 1408,468 1482,468 1556,467 1630,465 1704,468 1778,472 1852,474 1926,475 2000,475 2074,477"/>
                <TextEquiv>
                    <Unicode>ein hertzog vnnd ein diener sij mit ein andern,</Unicode>
                </TextEquiv>
            </TextLine>
            <TextLine id="tr_2_tl_4" custom="readingOrder {index:4;}">
                <Coords points="591,614 829,563 997,610 1244,583 1316,626 1357,585 2077,579 2077,507 2009,503 1872,534 1731,495 1455,528 1267,479 1109,522 591,495"/>
                <Baseline points="603,573 677,563 751,561 825,561 899,558 973,558 1047,558 1121,555 1195,555 1269,553 1343,552 1417,552 1491,552 1565,555 1639,555 1713,557 1787,559 1861,561 1935,558 2009,555 2083,558"/>
                <TextEquiv>
                    <Unicode>sel Inn een rych vnnd so man die gleichnus halwt</Unicode>
                </TextEquiv>
            </TextLine>
            <TextLine id="tr_2_tl_5" custom="readingOrder {index:5;}">
                <Coords points="577,669 837,726 898,675 1095,661 1203,718 1674,657 2089,685 2089,632 1966,577 1881,616 1138,587 1070,624 866,569 816,618 577,618"/>
                <Baseline points="588,665 663,653 738,650 814,649 889,650 964,650 1040,650 1115,650 1190,648 1266,647 1341,647 1416,647 1492,647 1567,647 1642,647 1718,648 1793,648 1868,650 1944,647 2019,650 2095,650"/>
                <TextEquiv>
                    <Unicode>gegen unserm hanuell so will er damit bewuren</Unicode>
                </TextEquiv>
            </TextLine>
            <TextLine id="tr_2_tl_6" custom="readingOrder {index:6;}">
                <Coords points="559,804 667,784 706,821 876,755 1271,796 1559,759 1803,825 1883,761 2040,745 2040,692 1971,663 1821,657 1702,724 1578,681 1152,718 1095,671 833,728 561,665"/>
                <Baseline points="570,758 643,752 717,749 791,749 865,746 938,747 1012,749 1086,749 1160,749 1233,746 1307,748 1381,748 1455,746 1528,748 1602,749 1676,749 1750,750 1823,752 1897,743 1971,739 2045,737"/>
                <TextEquiv>
                    <Unicode>Das perens ein Diener vnnd em houpt etc. Das</Unicode>
                </TextEquiv>
            </TextLine>
            <TextLine id="tr_2_tl_7" custom="readingOrder {index:7;}">
                <Coords points="1928,796 1975,798 1991,814 2020,810 2040,794 2130,798 2132,753 2052,753 2040,765 1997,745 1981,751 1964,741 1952,753 1948,747 1930,753"/>
                <Baseline points="1940,785 1968,788 1996,788 2024,787 2052,785 2080,785 2108,784 2137,782"/>
                <TextEquiv>
                    <Unicode>Cönnen</Unicode>
                </TextEquiv>
            </TextLine>
            <TextLine id="tr_2_tl_8" custom="readingOrder {index:8;}">
                <Coords points="573,853 776,900 943,851 1019,900 2009,841 2167,900 2167,806 1991,814 1919,767 1803,827 1678,784 1072,796 1029,755 917,808 573,806"/>
                <Baseline points="585,847 664,843 743,841 823,838 902,838 982,841 1061,842 1140,841 1220,839 1299,838 1379,838 1458,838 1537,838 1617,839 1696,841 1776,841 1855,841 1934,838 2014,838 2093,837 2173,835"/>
                <TextEquiv>
                    <Unicode>er om diener sig, ovintt der bicht vatter int becomen</Unicode>
                </TextEquiv>
            </TextLine>
            <TextLine id="tr_2_tl_9" custom="readingOrder {index:9;}">
                <Coords points="540,980 1252,947 1369,1007 1758,941 2052,968 2052,851 1600,898 1506,843 1308,913 1031,913 960,861 683,906 540,853"/>
                <Baseline points="552,946 627,940 702,937 777,933 853,931 928,931 1003,931 1078,931 1154,931 1229,931 1304,931 1379,934 1455,937 1530,937 1605,937 1680,937 1756,937 1831,937 1906,936 1981,934 2057,934"/>
                <TextEquiv>
                    <Unicode>das es gnugsam ietz mit dergsthrifft bewert ist:</Unicode>
                </TextEquiv>
            </TextLine>
            <TextLine id="tr_2_tl_10" custom="readingOrder {index:10;}">
                <Coords points="573,1060 743,1027 825,1085 1089,1095 1136,1050 1510,1085 1563,1052 1649,1097 1895,1035 2056,1054 2054,986 1854,988 1801,943 1721,1001 1553,964 1490,1007 1303,1001 1248,945 861,1007 571,970"/>
                <Baseline points="582,1027 655,1029 729,1027 803,1027 877,1025 951,1028 1025,1030 1099,1030 1173,1030 1247,1032 1321,1034 1394,1038 1468,1038 1542,1038 1616,1035 1690,1032 1764,1032 1838,1032 1912,1031 1986,1031 2060,1032"/>
                <TextEquiv>
                    <Unicode>vnne In allen smen spruchen, sich annders nitt</Unicode>
                </TextEquiv>
            </TextLine>
            <TextLine id="tr_2_tl_11" custom="readingOrder {index:11;}">
                <Coords points="1418,1136 1516,1158 1647,1140 1682,1164 1905,1140 1932,1166 2020,1119 2095,1138 2097,1058 1778,1060 1649,1099 1545,1070 1514,1091 1461,1068 1418,1082"/>
                <Baseline points="1430,1134 1463,1132 1497,1131 1530,1131 1564,1131 1597,1131 1631,1131 1664,1130 1698,1128 1731,1126 1765,1125 1799,1125 1832,1125 1866,1125 1899,1124 1933,1121 1966,1119 2000,1119 2033,1118 2067,1116 2101,1116"/>
                <TextEquiv>
                    <Unicode>Warmus aber petrus</Unicode>
                </TextEquiv>
            </TextLine>
            <TextLine id="tr_2_tl_12" custom="readingOrder {index:12;}">
                <Coords points="569,1187 622,1175 651,1201 718,1150 911,1166 935,1142 1001,1173 1029,1164 1031,1095 927,1095 890,1078 816,1097 771,1048 712,1031 640,1087 571,1103"/>
                <Baseline points="582,1137 607,1136 632,1137 657,1135 682,1135 707,1136 732,1136 757,1134 782,1133 807,1131 832,1129 857,1128 882,1128 907,1128 932,1128 957,1128 982,1128 1007,1129 1032,1131"/>
                <TextEquiv>
                    <Unicode>erfunden hatt/</Unicode>
                </TextEquiv>
            </TextLine>
            <TextLine id="tr_2_tl_13" custom="readingOrder {index:13;}">
                <Coords points="573,1244 755,1267 821,1230 915,1281 1134,1234 1711,1269 1829,1230 1905,1283 2059,1226 2028,1119 1921,1197 1617,1138 1535,1203 1414,1154 1357,1203 1267,1162 1107,1201 937,1142 847,1197 573,1189"/>
                <Baseline points="585,1230 658,1233 732,1230 806,1230 880,1228 954,1230 1028,1230 1102,1233 1176,1233 1250,1236 1324,1236 1397,1233 1471,1235 1545,1235 1619,1232 1693,1225 1767,1224 1841,1224 1915,1225 1989,1223 2063,1218"/>
                <TextEquiv>
                    <Unicode>ein houpt sy Da begeren, ovie yschrifft vmb Da</Unicode>
                </TextEquiv>
            </TextLine>
            <TextLine id="tr_2_tl_14" custom="readingOrder {index:14;}">
                <Coords points="1189,1289 1269,1293 1285,1287 1312,1301 1338,1279 1353,1277 1371,1289 1404,1279 1404,1246 1377,1234 1330,1254 1303,1242 1269,1242 1244,1258 1228,1246 1213,1260 1189,1258"/>
                <Baseline points="1200,1280 1226,1280 1252,1280 1278,1280 1304,1278 1330,1276 1356,1275 1382,1275 1409,1277"/>
                <TextEquiv>
                    <Unicode>mijssend</Unicode>
                </TextEquiv>
            </TextLine>
            <TextLine id="tr_2_tl_15" custom="readingOrder {index:15;}">
                <Coords points="567,1391 710,1338 800,1393 960,1334 1750,1391 1797,1344 1885,1389 1954,1336 2059,1344 2056,1263 1973,1230 1854,1295 1666,1252 1496,1295 1422,1252 1308,1303 1105,1256 999,1291 812,1242 565,1283"/>
                <Baseline points="579,1331 653,1326 727,1324 801,1322 875,1322 950,1322 1024,1322 1098,1324 1172,1325 1246,1327 1321,1331 1395,1328 1469,1328 1543,1327 1617,1325 1692,1325 1766,1325 1840,1328 1914,1328 1988,1327 2063,1325"/>
                <TextEquiv>
                    <Unicode>lijt der hafft, das mußt Ir brovaren, Zum</Unicode>
                </TextEquiv>
            </TextLine>
            <TextLine id="tr_2_tl_16" custom="readingOrder {index:16;}">
                <Coords points="559,1473 1019,1436 1115,1473 1232,1422 1455,1492 1578,1428 1729,1473 1852,1441 1901,1484 1997,1428 2118,1459 2118,1371 1046,1381 958,1334 798,1404 718,1340 559,1412"/>
                <Baseline points="570,1430 647,1427 725,1424 802,1421 880,1421 958,1421 1035,1422 1113,1424 1190,1422 1268,1424 1346,1424 1423,1424 1501,1424 1578,1424 1656,1424 1734,1424 1811,1427 1889,1427 1966,1422 2044,1421 2122,1418"/>
                <TextEquiv>
                    <Unicode>anndern Das er sich beklagt, er mog vnnser ver¬</Unicode>
                </TextEquiv>
            </TextLine>
            <TextLine id="tr_2_tl_17" custom="readingOrder {index:17;}">
                <Coords points="565,1529 962,1578 1277,1524 2056,1565 2056,1459 1686,1500 1580,1430 1494,1498 1402,1445 1283,1490 1226,1451 565,1488"/>
                <Baseline points="576,1519 650,1519 724,1519 798,1519 872,1518 947,1519 1021,1522 1095,1522 1169,1522 1243,1522 1318,1521 1392,1522 1466,1525 1540,1522 1614,1523 1689,1522 1763,1525 1837,1525 1911,1523 1985,1522 2060,1519"/>
                <TextEquiv>
                    <Unicode>antworten int fassen, beenuckt vns vmbstelich</Unicode>
                </TextEquiv>
            </TextLine>
            <TextLine id="tr_2_tl_18" custom="readingOrder {index:18;}">
                <Coords points="559,1657 683,1688 870,1625 1469,1680 1725,1629 1881,1657 2009,1623 2009,1586 1682,1543 1569,1594 1377,1541 1334,1578 1277,1524 1103,1586 855,1555 814,1586 741,1531 557,1531"/>
                <Baseline points="570,1615 642,1615 714,1612 786,1612 858,1615 930,1615 1002,1618 1074,1616 1146,1618 1218,1621 1291,1618 1363,1623 1435,1626 1507,1624 1579,1626 1651,1627 1723,1624 1795,1621 1867,1621 1939,1618 2012,1615"/>
                <TextEquiv>
                    <Unicode>dan sijn lannge red gester gethan, haben wir</Unicode>
                </TextEquiv>
            </TextLine>
            <TextLine id="tr_2_tl_19" custom="readingOrder {index:19;}">
                <Coords points="571,1760 952,1772 1048,1737 1181,1772 1256,1725 1619,1788 1807,1754 1807,1651 1711,1707 1189,1655 1068,1680 964,1635 806,1664 765,1631 683,1688 571,1666"/>
                <Baseline points="582,1713 643,1714 704,1716 766,1713 827,1712 888,1713 950,1713 1011,1711 1072,1713 1134,1713 1195,1713 1256,1713 1318,1716 1379,1716 1440,1719 1502,1719 1563,1722 1624,1725 1686,1725 1747,1722 1809,1728"/>
                <TextEquiv>
                    <Unicode>mussen vassen vnne verantwurten,</Unicode>
                </TextEquiv>
            </TextLine>
            <TextLine id="tr_2_tl_20" custom="readingOrder {index:20;}">
                <Coords points="1054,1930 1099,1958 1234,1942 1285,1956 1324,1930 1410,1968 1488,1971 1617,1936 1617,1850 1582,1835 1453,1842 1377,1793 1326,1790 1273,1821 1228,1821 1185,1790 1121,1817 1054,1813"/>
                <Baseline points="1065,1928 1092,1924 1120,1923 1148,1921 1176,1919 1204,1919 1231,1919 1259,1919 1287,1919 1315,1918 1343,1917 1370,1917 1398,1919 1426,1919 1454,1920 1482,1922 1509,1920 1537,1919 1565,1921 1593,1923 1621,1925"/>
                <TextEquiv>
                    <Unicode>Zu Ht Vatter</Unicode>
                </TextEquiv>
            </TextLine>
            <TextLine id="tr_2_tl_21" custom="readingOrder {index:21;}">
                <Coords points="612,2194 1123,2165 1207,2230 1287,2185 1391,2241 1549,2157 1717,2239 1823,2185 2212,2208 2210,2030 1856,2118 1404,2067 1281,2104 1160,2048 958,2106 773,2036 610,2048"/>
                <Baseline points="623,2164 702,2156 782,2158 862,2156 942,2152 1021,2152 1101,2157 1181,2159 1261,2161 1340,2164 1420,2166 1500,2167 1580,2168 1659,2170 1739,2173 1819,2176 1899,2176 1978,2172 2058,2170 2138,2170 2218,2167"/>
                <TextEquiv>
                    <Unicode>Als der heillig samt peter, moge geheissen werden</Unicode>
                </TextEquiv>
            </TextLine>
            <TextLine id="tr_2_tl_22" custom="readingOrder {index:22;}">
                <Coords points="546,2282 821,2257 976,2306 1021,2265 1381,2290 1455,2253 1545,2325 1614,2271 2134,2267 2132,2196 1713,2237 1549,2157 1393,2235 1013,2167 708,2220 544,2183"/>
                <Baseline points="555,2260 634,2252 713,2249 792,2249 872,2251 951,2254 1030,2248 1109,2248 1189,2248 1268,2248 1347,2248 1426,2252 1506,2257 1585,2260 1664,2260 1743,2262 1823,2266 1902,2266 1981,2263 2060,2263 2140,2266"/>
                <TextEquiv>
                    <Unicode>Mein houpt, Ist gnug klar, pester hat mir Marti¬</Unicode>
                </TextEquiv>
            </TextLine>
            <TextLine id="tr_2_tl_23" custom="readingOrder {index:23;}">
                <Coords points="565,2357 1146,2357 1199,2402 1353,2347 1705,2394 1932,2363 2054,2413 2210,2361 2210,2286 2118,2273 1545,2322 1453,2251 1396,2296 1342,2259 982,2310 823,2257 681,2308 565,2282"/>
                <Baseline points="576,2340 657,2337 739,2339 821,2343 903,2343 985,2343 1066,2346 1148,2346 1230,2344 1312,2345 1394,2344 1475,2346 1557,2346 1639,2349 1721,2351 1803,2352 1884,2354 1966,2352 2048,2352 2130,2347 2212,2346"/>
                <TextEquiv>
                    <Unicode>buer das nachgeben Das Saul mag recht genempt</Unicode>
                </TextEquiv>
            </TextLine>
            <TextLine id="tr_2_tl_24" custom="readingOrder {index:24;}">
                <Coords points="546,2427 1115,2476 1338,2447 1457,2505 1514,2447 1582,2511 1850,2441 2140,2494 2140,2388 546,2368"/>
                <Baseline points="558,2424 637,2424 716,2427 796,2428 875,2430 955,2433 1034,2433 1113,2436 1193,2436 1272,2439 1352,2439 1431,2439 1510,2439 1590,2439 1669,2442 1749,2445 1828,2443 1907,2445 1987,2442 2066,2440 2146,2436"/>
                <TextEquiv>
                    <Unicode>werden ein houpt In der geschrifft von retierung</Unicode>
                </TextEquiv>
            </TextLine>
            <TextLine id="tr_2_tl_25" custom="readingOrder {index:25;}">
                <Coords points="559,2531 945,2535 1042,2591 1324,2539 1674,2576 2157,2539 2157,2482 1909,2453 1592,2515 1518,2453 1457,2507 1046,2439 1003,2478 812,2484 706,2433 559,2478"/>
                <Baseline points="570,2522 649,2522 729,2522 808,2522 888,2522 967,2522 1047,2522 1126,2525 1206,2525 1285,2528 1365,2529 1445,2531 1524,2533 1604,2537 1683,2538 1763,2540 1842,2537 1922,2530 2001,2525 2081,2522 2161,2519"/>
                <TextEquiv>
                    <Unicode>vnnd gewaelt wegen, sines kijngkruchs Das min</Unicode>
                </TextEquiv>
            </TextLine>
            <TextLine id="tr_2_tl_26" custom="readingOrder {index:26;}">
                <Coords points="583,2676 704,2627 790,2679 923,2621 1432,2672 2108,2638 2079,2529 1660,2593 1512,2550 1422,2591 1039,2589 992,2541 798,2589 583,2541"/>
                <Baseline points="594,2618 673,2618 753,2620 833,2621 913,2621 993,2621 1073,2621 1153,2621 1233,2621 1313,2621 1393,2621 1473,2621 1553,2624 1633,2624 1713,2624 1793,2624 1873,2624 1953,2620 2033,2618 2113,2621"/>
                <TextEquiv>
                    <Unicode>sant porter den gewaelt empfangen, hab, solliche</Unicode>
                </TextEquiv>
            </TextLine>
            <TextLine id="tr_2_tl_27" custom="readingOrder {index:27;}">
                <Coords points="571,2722 714,2773 825,2724 1559,2773 1977,2715 2210,2748 2210,2634 1876,2689 1805,2634 1432,2672 1234,2621 1039,2685 571,2674"/>
                <Baseline points="582,2710 663,2710 745,2712 826,2713 908,2710 990,2713 1071,2716 1153,2718 1235,2718 1316,2718 1398,2717 1480,2719 1561,2716 1643,2721 1725,2720 1806,2721 1888,2718 1970,2716 2051,2713 2133,2710 2215,2716"/>
                <TextEquiv>
                    <Unicode>regierung wer die schaff Christi, zu wen, Dassel¬</Unicode>
                </TextEquiv>
            </TextLine>
            <TextLine id="tr_2_tl_28" custom="readingOrder {index:28;}">
                <Coords points="567,2816 859,2852 904,2807 1152,2803 1328,2875 1715,2883 2011,2816 2183,2863 2183,2748 1647,2783 1308,2728 1148,2767 567,2742"/>
                <Baseline points="579,2806 659,2806 739,2803 820,2803 900,2800 981,2800 1061,2800 1142,2802 1222,2803 1303,2806 1383,2809 1463,2814 1544,2815 1624,2816 1705,2818 1785,2821 1866,2816 1946,2815 2027,2811 2107,2809 2188,2815"/>
                <TextEquiv>
                    <Unicode>binnen mag bewert werden, voorss. Olaren, texten, Namlich</Unicode>
                </TextEquiv>
            </TextLine>
        </TextRegion>
    </Page>
</PcGts>
