2479 3508
787 337 2269 590 gnedigen herren van Bernn/ Mandat gehandelt
797 520 2267 687 werden soll, So bring er dasselbigen herfur¬
812 621 2275 778 soll Im von minen lieben bruder gnugsam
804 702 1512 859 antwort widerfaren
1951 740 2275 846 Das wtl.
802 787 2262 1012 lend lieben Christen Im besten verstan, vnd
801 927 2008 1107 Der warheit nach vrtheillen
1287 1113 2186 1353 1. Ulrich Wingli
806 1329 2279 1578 Zum herren, van Jurich der so alten
799 1488 2296 1681 herlichen stat, Die sich so freuncklich wijs¬
787 1607 2294 1758 lich vnnd petruwlich, Je vnne de gehallten
776 1684 2275 1866 Is sie zu frid oder knegs zijten, besonnder an
785 1792 2246 1983 zogen sind/ Sam Sr. Durch mich verfurt
757 1927 2237 2087 Wie woll sollichs billich erspret wir, Zimpt
787 2036 2226 2205 sich doch int ein so loblich out vnd des
780 2123 2231 2301 vorderst einer Eidt großhafft vnuer antwurren
766 2246 1016 2402 lassen
1196 2258 2250 2403 vff Das sag ich das die
780 2343 2239 2506 genanten mins gnedige heeren, Durch mich
763 2458 2231 2629 gentzlich int verfurt, Auch nun int glaubt
795 2547 2237 2731 sonnders nach dein sy min leer, Die int
774 2619 2294 2824 min sonder gotts ist, glich wie die Israhelen
763 2738 2271 2943 Inn Beroer actorn xviii cap: gegen Dem pot¬
