2479 3508
20 1557 110 1628 weer und
163 1372 262 1533 4
813 110 1429 280 Die 4. stuijvende
1960 163 2097 280 -23
445 205 2176 438 verlassen, vnnd den selligen gnaden, wo er sollichs
507 385 2247 529 vergicht, Mamlichen mitt dem götlichen poort
394 460 2161 628 allein gehandlen, so wirt gehandellt, nach dem vnd
548 546 2220 703 mine gnedige hern von Derim, ouck ein Bri¬
1394 648 2183 808 Appenzell In beuelcx
562 645 1297 800 teilich oberkeit zu
522 729 905 899 geben hand
1119 811 2035 1004 Pfarrer von Openzell
595 914 2200 1134 Das uns vnsere herren van Appenzell hir¬
509 1077 2152 1247 har gesandt haben Ist niemands darwider So
531 1161 2216 1326 er dann seitt von Dij orten der Tidtgroßhafft
540 1269 2185 1421 von der Disputationhalb so loblich gegallten ist
520 1363 2189 1522 Nou minen hochgepietenden Hern von Berum
518 1458 2128 1634 vnd dis andern all vor, hab ick mich nach
520 1557 2180 1720 ordnung vnd satzung, der gemeinen Christenlichen
513 1658 2198 1819 kilchen, biess her langzig gehalten, bin des sinns
537 1749 2187 1892 So wyt ick mit dem wort potes int wyters
537 1843 2216 2006 bericht wirt, von bemeester Christenlichen kelchen
522 1936 2205 2108 int zestan. So er aber mir die kilchen vss¬
511 2037 2183 2189 leitt, nempt sij die Bäpstlich kegen ende frap
522 2132 824 2260 sich Junij
978 2136 2117 2293 wo die syg gsin vor viergks
520 2216 2183 2394 funffgs oder hundert jaren, so doch sin per vnd
529 2306 914 2462 nepruwen
1022 2324 2187 2500 wie¬ sy jetz ein lange zyn Im
504 2434 2176 2597 bruch hatt gehan, so by der gemeinen Chri¬
537 2526 1749 2700 stenlichen kirchen int ist gehalten
1068 2634 1870 2777 Walltherus Claret
520 2720 2191 2940 Liewijl der pfarrer van Openzell sich ver¬
