2479 3508
63 1230 371 1379 anzijing in
1971 174 2085 302 43
553 333 2085 570 genempt ist. Das sy Im fleisten ist, vnd aber
541 499 2064 664 int dem fleißen nach lebet vnnd ist wol
553 587 2112 775 ein vsserlich versamluw een doch die
555 706 2189 869 allem durch een geist hovs vacheelt welcher
561 804 2078 983 Vrtheill sich allem streckt weer die sunder¬
513 848 2162 1071 Dann der her spricht even din bruder sunder
486 1014 2170 1192 wider dich etc. In faben aber Den glauben
561 1115 2105 1291 belangende, hatt sy int zevacheillen, somder
543 1226 2114 1379 der verschrifft nach anzeuglichen was zuney sey
561 1324 2105 1492 oder int, vnnd das nach der gluck massen
536 1427 1064 1634 Des glaubens
1071 1622 1831 1852 Doctor Cumrae
1060 1802 1816 2007 Treiger prom.
639 1921 2055 2143 namen Des hern amen, Eesamen
541 2070 2032 2256 fromen lieben Christen. off min fur¬
541 2191 2049 2372 trag so ick het than hab belangert zwey
549 2250 2114 2464 punctly, Das erst, wie das der geist¬
543 2388 2032 2575 lich morsch alle Dinge zu vertheillen hatt
541 2491 2051 2633 Vnnd ich haruff bestblossen hab, Das ex
534 2562 2152 2755 ouch hab ze vrtheillen, die gschrifft Ist mn
538 2682 2175 2843 min her Doctor mir beschnot, met antwort
