2479 3508
253 2143 490 2289 200
1301 131 1967 322 Die vj. Schlussredi
629 301 2238 481 Ist arguieren ex non concessis. Wir lassend nitt
644 421 2278 545 nach, das die Engel fur vns bitten, Colicher wisz, Si
642 515 2349 666 Ses meinen, wie erkennen wol, das Sedienstige geist
646 597 2330 765 sind, u. Lieber u. Aber de hem gwuster vngezwifle¬
629 689 2313 810 ter fürständer sin mag, weder Christus, Das ont
655 795 2341 928 Denesis am. xxviije. vnd das Christus en einem opt
636 868 2358 988 mer wunderwerck gewurckt hat, weder am andren,
642 958 2244 1110 vnd das Palomon iije. Regum. viii. capite, gebatten
653 1052 2347 1175 hat, welicher In den tempel kame uffst alles abkent,
653 1140 2328 1308 Da Christus Johannis. mij. Cpricht, Is kumpt die
653 1239 2223 1385 zitt, das die waren anbatter, weder vff dem berg¬
644 1327 2266 1477 noch zu Jerusalem, werden anbatten, vnd Mathei
631 1422 2298 1578 xxiiii. wann man vijh dagen wirdt, Christus Ist
642 1510 2278 1656 Im feld, gand nitt hinus, u. Oertodt Lichnam
636 1606 2272 1739 Welisei, hatt also nitt kraft labendig zemachenn,
638 1722 2309 1817 Das Er ouch labendig, Solichs nitt gehept, Qunders
651 1782 2274 1924 alle wunderwerck, sind gottlicher, nitt mentstlicher
651 1877 2242 2034 Kraft, Oann ouch Christus Opricht, der vatter der
597 1963 1535 2126 In mir Ist, tut die werck,
1263 2068 2212 2240 Paulus Beck, Predicant zu
1845 2201 2244 2347 Her curgius
1308 2203 1759 2356 Gisslingem,
2049 2304 2180 2392 u
758 2324 2242 2515 Dochgelert wis fursichtig herren, vnd frommen
672 2431 2208 2607 Christen, Min meinning Iff nitt, wider dis¬
625 2528 2276 2689 Schlussreden zu fachten, dann Ich O: Calbs der mer¬
651 2614 2270 2805 teil gepredijdt hab, d in aber van einem ersunen wij¬
640 2699 2227 2878 sen hat der Statt Olm, verordnet, vnd gesegt In
636 2792 2334 2957 die Statt Gisslingen, Irer hersthaft, vnde wir ernst:
