2479 3508
799 389 2309 628 vnser lieber pfarrer vnnd bruder von Open¬
791 543 2322 702 zell erkent, Das Christus der her sin gott
804 646 2284 801 sie, ouch aller wellet behaelter sye, Dann
787 715 2301 909 so verr vnne sollichs vsss. rechtem warem
777 822 2330 1007 glouben geredt, So wirt der pfarren keinen
789 922 2317 1085 houpt / keinem behallter/ keinem Recht, keinem
775 1036 2276 1185 annderm vater noch vertröster noemer mer
781 1149 1207 1301 nachfragen
1342 1133 2239 1305 Dan welcher zu dem
793 1197 2228 1400 vrunnen kumpt, Den curstet niemer¬
787 1336 2293 1510 mer Johannes iiij cap, nach keinem an¬
777 1443 2290 1613 derm heill, nach keinem andern liecht nach
787 1549 2268 1711 keinem andern trost Dabij ick woll
787 1642 2322 1814 vermercken mag. Das bij Im aller Greatius
777 1756 2295 1943 trost, schuoe sine, Ja in suma Dorumb sah
750 1858 1876 2019 sich get. lob vnnd Danck
1298 1899 2311 2156 Een Suelifften tag Jonners
1265 2050 1642 2201 Farrer
816 2108 2315 2340 In Dinem Namen herr Jesu Christe Ymen
868 2243 2203 2437 Cromen Christen allß ick hab meister
754 2382 2199 2527 Vlrich Zwingken gefragt, mit sinem Bi¬
801 2479 2232 2645 spele vnnd exempell Des vensters hals van
793 2576 2284 2742 den zweyen lechtern, So hatt er geantwort
812 2680 2257 2845 Ix hab Das int angezogen Das er Darnsz
774 2779 2206 2949 vff Das göttlich wort grunden, wolle.
