2479 3508
1935 185 2063 268 197
971 117 1752 328 Die viend schlussende
522 243 2148 479 mir Das, Das vsser wortt, heissen, oder verheis So ich
530 402 2193 564 min Das int zu versuchung xxx vnd mit zweyffell
522 485 2161 647 er werde sich des int onderstan, Dann er woll
500 575 2173 739 wijssen Mag. Das er mitt dem Vssern wortt ouch
500 671 2195 815 bij smem glouben, allso mutzet vermag, Es sie dan
498 760 2093 913 Das gott gevalle sollichs wircken. So hoff ich es
522 852 2169 1030 sich niemands so eins kleinen verstands, Dann
505 956 2078 1113 Das er vermercke, das die vsseren wortt
519 1054 2148 1192 nutzit vermogen, fur oder haxje bringen, ob glich
509 1139 2154 1320 Der glorb Da sie vnnd valet damit Ir grune
517 1239 2150 1384 hin. Das wortt bringt mit Im, Das es be¬
1282 1345 1375 1467 2
522 1339 1245 1499 Durt oder verheisser
990 1411 1609 1601 pfarrer v. s. g.
430 1594 2093 1771 Alx da int handeet osz, dem wort vnd beuelch
519 1669 2173 1854 gottes Da ist zevermessen, das er den geist Christi
522 1771 2118 1946 mitt hab, hatt er den geist Christi mitt so ist
532 1895 2112 2052 er nitt sin zum Romern am viij cap: vff die
517 1975 2129 2139 frag vom blinden / antwurt uw allso / Das die gab
517 2078 2197 2244 des glaubens In mengerleij gestallt wirt v/ getheilet
517 2167 2176 2348 vnnd een Stuklichenn pot mitteillt, alls Im gefellt,
507 2267 2218 2452 Wie woll meister Vlrich Christum gesum alß woll¬
1550 2367 2218 2544 Als potrus vnd
534 2380 1460 2546 predigot, vnd den Erntzigst.
536 2478 2161 2657 Parens (ob got will:) ouch mitt gutem ghouwen.
534 2578 2131 2750 Undt desterminder, hab ick niet gehort, Das er
543 2667 2144 2853 Die linnen grad hab gemacht vnd sin schatt
1563 2776 2197 2959 Derss staelt haben
588 2776 1305 2957 die krancken gesundt
