2479 3508
745 199 2313 425 wortt ist, durch beduten vertolmesthet Dange
768 356 2291 531 gen wir sagen, verletzt sij des wortt bedutenn
776 460 2325 608 so lassen sich doch int verletzenn, Das wort
1663 553 2281 697 Dan so wir glich
762 535 1410 697 zu gedechtnuß min
776 610 2277 810 reden, bedurt oder Ist ein figur Meinen
752 747 2283 895 wir doch nutzit anders „ mitt weder das es
774 812 2323 1015 ein wider gedechtnus sier vnd wellen vnse
729 944 2319 1094 wort beduten, oder feur sin, metzit evijter vs,
764 1039 2244 1207 thilcken Dann Das wortt Christi, thunds
764 1140 2277 1296 minen zu gedencken vermag. zu dem hatt
774 1230 2293 1400 sich Ambrosius Des worts beduten geubtt
762 1335 2330 1489 Aheronimus deßglichen des worts repre sentamt
739 1432 2309 1596 Thextulianus Jignra, epistendi, Welches
739 1535 2299 1706 Vix Doch alles vallen lassen, vnnd allein
750 1631 2323 1809 anzoigen, Das wir weder mijne meynng wiech
764 1748 2151 1900 muwe kervort vff die bann bringen etc.
768 1835 2250 2014 Inn lestenn Habenne ouck des Opostell
737 1949 2307 2103 Schorn. ii ca: Den bruch des nachtmals
760 2032 2301 2178 Int anders gehallten weder wir anzoigen. Da
768 2145 2269 2325 allso statt, sij hachtende aber gentzlich an der
758 2253 2263 2417 leer der Opostlen vnd der gemeind vnnd
804 2370 2275 2520 Dem brechen des brots vnnd dem gepett
745 2463 2323 2621 hie sechend wir die einfaeltigkeit des besthuij¬
768 2560 2279 2729 bens Luce, das ers int nempt das vf
766 2672 2321 2858 theillen Des lichnams Christiue blut Christi
796 2757 2309 2957 sounder Das brechenn Des brots vnd ist
