2479 3508
6 784 119 914 Catetenn
28 986 113 1064 Henn
13 1044 113 1142 wch
28 1133 110 1224 Das
22 1211 115 1343 apostet
28 1581 123 1681 den trink
1846 180 1982 299 148
834 132 1508 336 Die vierd schlussend
451 318 2045 513 das wir erkennen, sinen weg, Amen, So nu
444 461 2045 602 die viere scheuswe lutter Das der lijs vnnd Das
444 557 2075 687 blutt Christi wesenlich vnnd leblich In een Brot
412 635 2090 773 der dancksagung einfangen overden mog mit Bibli¬
464 704 2036 864 scher ysthrifft mitt bebracht werden. Dangegenn
461 782 2106 912 Ich nu vnne min mithafften, sollichs der verschrifft
451 875 2047 1009 nitt entgegen, sonnders mitt ysundern verstand der
448 942 2097 1109 geschrifft woll mocht bebracht werden, Diewyll vnd
468 1051 2093 1187 vnnser heilland Christus, Die dien so er vff dem
459 1135 2160 1265 extrich hatt, gelevert vnnd than welchem den himelsten
435 1239 2080 1347 patter zuemis hebben, hatt, Agathen am xvi copi¬
420 1304 2164 1469 das ist min geliepter Sinn, Inn ick mir habewol¬
457 1393 2123 1521 gefallen, den hörenne Alls er hatt wellen vffhe¬
444 1484 2067 1601 ben, Das allt thestament vnnd anheben ein nuws
442 1586 2043 1718 Hart er vfgeschickt, sine apostell zu predigen, die dinge
483 1670 2030 1813 so sy gehortt, habenn vnnd gesechenn, Johannus In
442 1778 1989 1908 Der ersten Epist: an 1 car: keine andern prediger
459 1826 2019 1984 anzunemen dan so Christus hatt verorenot Dan
466 1926 2047 2075 niemand, annderst den vatter erkent, dann der Ruij
459 2017 2028 2160 Inne wem erf. hatt croffnet, Dann sinen apostlen
128 2069 485 2194 its ouch niemers
431 2112 2010 2272 Die er hatt vß gesandt zu predigenn, Das er Inenn
442 2207 2086 2348 durch den geist hatt eroffnet, Das er aber Inen er
457 2303 2084 2459 offnet hart ist Inn der ystchrifft verfasset, namlich
446 2385 2049 2541 Christum Jesum den cantzgeten den Judenn ein
451 2491 2062 2628 Ergerms een heiden, een thorheit, den bprufften
451 2576 2036 2712 aber die krafft gottes oo wir min aber von
444 2680 2058 2829 Christo Jesu, zwej dins glaubende, namtlich all¬
