2479 3508
467 588 581 708 9
698 213 2313 444 Das her Benoecht, offt anzucht, wie das get.
667 367 1927 523 warhafftig sywer hie on nott
2092 390 2294 521 nie¬
675 423 2246 602 mand ist Im Dis abree Man handlert
683 561 2246 719 vom verstand der ovorten, Da hatt er ein
679 646 2269 802 mutmassung, Das der win soll das blut
1463 748 2303 898 Diewye g Gristus solche
650 771 1059 919 Christi sin
1600 854 2278 988 Das ist min blutt
642 819 1319 1002 wortt gereet hatt
669 959 2290 1111 er wurde sunst die wort haben oßgelassen vnd
677 1046 2271 1161 schlecht darzu gesagt, haben, Das thund min
656 1152 2313 1327 zugedencken, Es bewart aber eins nicht, dan
656 1244 2271 1413 Im ovoll wijssend is, Das das wort soll gan
661 1348 2275 1519 zum Element, soll ein Sacrament werden, vnd
663 1444 2288 1596 wer van noten Das angezoegt wurde, warumb
656 1561 2275 1705 gedechtnus gehallten werden soll, vne warumb
665 1642 2278 1809 man Dancksagen soll, sollichs ist aber erklärt In
1459 1759 2284 1905 Das ist min lye der
677 1752 1165 1900 Denen worten,
661 1852 2269 2019 fur vch geben wirtt, vnne were dar Jun
686 1948 2303 2100 darmus niet angezogt, Das das brot wesen
669 2063 2298 2196 lich der lijb sie, oder der win blutt, wie e:
665 2161 2321 2290 ouch das vorthin bekent hatten, Vnd darneken
669 2219 2294 2394 ouch nitt betracht, smen imechäochen, Das
642 2323 2298 2482 Die wortt, das ist min lijb sollen alles wel be¬
665 2417 2257 2569 duten, allss vnder dem, oder In dem hff min
654 2528 2284 2684 lijb Darmus ex noch am anfang hangt, Es
656 2619 2317 2769 helfft gul. ouch nitt, Das wortlij en in sommer
656 2709 2282 2878 ist viel me wider In, Dann es In siner artt
661 2803 2332 2969 hart, vrsach der vordrigen ree oder handlung
