2479 3508
366 2572 531 2722 93
297 2728 486 2850 214
1203 118 1885 297 Die vij. Schlusred.
618 265 2303 437 den mijnen testament, Pagt vant Paulus, prima Co¬
948 366 1053 430 nij
629 383 2348 533 rinthiorum pr. Das werck eins fecklichen wirdt offen¬
629 464 2266 574 bar, dann der tag des herren, wirdt das erklarenn,
606 556 2305 668 wann es In dem für erklijrt wirdt, vnd das werck
621 640 2300 766 eins ferblichen, wie es zije, wirdt das für bewaeren,
638 753 2251 882 wettlichs werck bliben wirdt, das Er daruf hat ge¬
629 852 2298 942 buwen, Er empfacht die beloming, wettlicks werck
629 912 2253 1061 brummet, sy lidet ein thaden oder wustigung, Er
612 1010 2318 1158 wirdt aber salig, doch also, als durch das fur, Paulus
621 1104 2286 1216 sagt hie nitt, van dem fur diser welt, dann es fist nitt
631 1186 2260 1305 heilsam, noch von dem fur der hellen, dann dasselbige
642 1293 972 1477 Ist ewig
1207 1314 1870 1502 Verchtoldus halber
661 1558 2206 1755 Der heilig Paulus redt hie, van der bewaring der
595 1693 2238 1875 ler, vnd nitt vom fagfur, Das Ist mitt unser gloss,
621 1806 2335 1947 Ounder die warheit der worten Pauli Silbs, Er 24
623 1885 2260 1999 verwist den Cornithern die Oecken, Das Einer Tich
627 1977 2161 2125 Cephe, der ander Paubi, der dritt apollo berumbt,
638 2057 2142 2217 wer Ist Paulus, Opricht Er, wer Ist apollo,
614 2149 2298 2288 Eiener sind Ei, durch welich Ir sind glaubig wor¬
614 2253 2219 2386 den, vnd dasselb wie der herr finem Jeden guben
610 2343 2176 2485 hat, Ich hab gepflamot, wollo hats begossen,
591 2427 2164 2602 Wer gott hat das vfwichsen gaben, So Ist min
603 2510 2155 2686 weder der da pflangot, noch der de begust, etwas
616 2600 2292 2754 Ounder gott, der das ufwachsen gibt, Eer wer pflang:
627 2696 2309 2816 Tot, vnd der da begust, Ist einer wieder ander, fin
601 2788 2271 2955 ferblicher aber wirdt sin lon empfachen, nach ziner
