2479 3508
1968 162 2116 305 287
1144 164 1808 340 Die vii. Schlusfredi
529 318 2107 484 wann Mathei. xviijo. van dem Jüngling gesagt
568 435 2120 533 wirdt, der alle gebott gehalten hatt, Sprach dan¬
564 504 2095 676 nocht Christus zu Em, wilt du volkomende sin
566 594 2134 763 gang vnd verkauff alles, das du hast, vnd gibs
568 693 2212 797 den armen, hiebij Ist zu glauben, wann der fung¬
568 773 2144 922 ling, also aue alle hoptsund gestorben, das Er nitt
580 861 2140 990 verdampt ware worden, vnd danocht nitt volkom¬
576 968 2134 1097 men gein, vnd ob Er glich nitt verdampt ware
568 1048 2099 1195 gesin, watte Er danocht fur das úbrig, gereinigt
568 1130 2089 1265 mogen werden, und darnach behalten, Das wir
568 1242 2064 1343 mogen ermassen, vss. dem. lxv. Aprilmen, @o
570 1296 2128 1423 Er opricht, wir sind durchgangen das wasser,
588 1382 2189 1537 vnd das fur, und du hast vns gefurt In die Ruw¬
615 1472 2126 1650 Seszglichen feremie. xxxj. Oi werden In dem
562 1591 2101 1730 weinen komen, vnd ich wird de Inder barm:
582 1658 2159 1827 herzikeit widerumb furen, vnd wird Oi harzu fu¬
580 1749 2070 1886 ren, durch die vngestumikeit der wasser, In
560 1829 2181 1970 den rechten wag, der da furt zu dem ewigen laben,
570 1929 2134 2050 find Ich mindert, das finer durch die pui, Is
570 2021 2107 2189 8½ wasser oder fur, In die vuw, vnd In das ewig
574 2109 2064 2290 leeben gefurt werde, dann durch das fugfur,
1091 2220 2013 2427 Meister Vlrich Zwingh,
1540 2368 1626 2460 26
517 2466 2118 2622 weil wir verstand, langt die ganze sinnen gries
537 2567 2062 2733 Arguments, oder fuved, dahin, das ettlichern
547 2642 2128 2819 gloub, vnnokkommende ende gije, deshalb Ir vnuottomende
547 2733 2089 2899 heit, bedorffe durch das fag für, gevoltoum et
