2479 3508
18 1349 122 1426 velich
18 1433 126 1531 wittwe
27 1502 115 1595 tendre
27 1590 109 1681 sarbott
38 2266 122 2377 nugen
27 2368 122 2461 Abberts
177 1251 281 1420 1
175 1444 270 1588 88
1905 193 2056 301 129
873 159 1615 334 Die ander Schlusfred,
452 288 2018 408 vnd rechtenlich georduot, Das aber dese Stuck, vnd was
452 381 2113 532 derglichen mochten Ein, In der Othrift gegrundt sind,
456 476 2131 620 das haben wir an vil Orten, Oesz. Insunderheit zu bewa:
459 554 2239 651 ven von allen stucken, das wurde zu lang, Ich wil aber 24
443 627 2171 738 Danocht ettliche bestimmen, vnd die Ort anzogten, da die sel:
452 711 2111 851 ben fur gijt geachtot sind, In hoffnung, Een Jetlicher
447 786 2164 924 fromer gehorsamer christ, werde Oich, alicher Ordnung
456 877 2171 992 der christenheit, nitt beschwaren, In dem verteuwen, das
447 946 2188 1096 der regierer der heilig geist, die heiligen christlichen kilch:
456 1065 2164 1201 en, zij dehenier beschwaerlichen oder vnbillichen Sargang,
447 1141 2087 1232 teite oder wise, Des fleisthessens halb, hat die heilig
456 1207 2084 1367 Schrift ein grund, In der Epistel zij den Romern am
441 1294 2069 1462 xiiij. Es Ist gus nitt fleisch Essen, vnd mitt win¬
476 1378 2137 1506 trincken, noch etwas anders, In een en bruder geer¬
447 1455 2173 1613 grot wirdt, Des fastenshalb, vnd ettlicher anderer wun¬
459 1544 2166 1694 gen, wiewol vil In der Christ Ist, mein Ich, Es sij vmb
441 1621 2184 1781 kurze willen gnug, der Opruch Pauli, In der. ii. epistel
456 1703 2098 1863 Zij den Cornithern, am vi. da Er also Opricht, wij
447 1772 2164 1967 Collen vns Pills In allen Dingen erzoügen, Als die die¬
459 1874 2091 2013 ner gottes, In vil gedult, In trubsalikeit, In notikit,
447 1967 2146 2120 In augstikeit, In Streichen, In gefenckens, In wachen
430 2042 2164 2211 In fasten, In kustheit, in heilikeit, In langumtikeit is
454 2144 2098 2270 Item Johelis am. ij. Cagt gott der herr, bekeren vth
452 2204 2073 2390 zu mir, In ganthem vwerem hertzen, In fasten, In
456 2301 2078 2452 weinen. In klagen u, von der kustheit, da haben
450 2392 2129 2534 wir. j.r Cornithiorum. vii.o da lutet das halb capittel,
450 2474 2084 2614 von der kustheit zuhalten, Voss disen wenigenn,
461 2561 2182 2680 vss vilen angezougten texten, Ist gut zu mercken, das
447 2640 2087 2771 die Nyungen der heiligen christenheit, der Duc:
456 2724 2129 2886 tenhalb die erzelt oind, In der. i. Epistel zu Thimo.
