2479 3508
2041 128 2199 317 ad 2
547 335 2072 488 Co disputiert haben 1 Able zitt, guts, niett geneigtem
560 424 1183 556 willen zubewisenn,
576 570 2058 770 Dancksagung, Von hern Berchtolden hebben,
570 718 2066 852 vss. beuelch hern Rhulthessen und Rits der Statt
547 800 1234 934 hernn, beschâchenn,
529 1053 2060 1210 Gewindigen hochgelerten, Edlen, Ersamen wijsen
523 1146 2097 1290 Herren, vnd fromen christen, Ir gijend von vnsern
553 1237 2037 1333 truwen lieben fichtgnossen van Jurich, Glaris,
547 1323 2144 1432 Basel, Thafthusen, Appenzell, Wieln, Gant Gal¬
553 1407 2130 1543 len, mithusen, geistlich vnde waltlich, Mittburger,
553 1523 2058 1601 oder van andren Stetten vnd landren, So her vff
537 1588 2043 1739 dise disputation, gott zu lob, unseyn geadigen heuren
547 1669 2086 1819 zu guttem, ersthuien sind, zu furdrung der war¬
543 1745 2103 1893 heit, Onser gnedig herren, Othulthes klein vnd
535 1862 2115 2008 grosz. Rct. So man naempt die zwoijhundert, diser
545 1932 2156 2082 leblichen hatt Bern, bevelchen mir ungeschicktenn,
541 2020 2156 2164 vwern Eren vff das aller höchst zudancken, das Ir,
537 2109 2164 2255 mitt viver erlichen gegenwurtikeit, grossem kosten,
537 2197 2119 2346 mug vndarbeit, fr angesachne disputation, besucht
549 2292 2204 2444 haben, vnd In all wag geholffen, mitt allem vwerem
556 2376 2109 2508 zuthun, Ir gottlich furnamen, christenlich zu voll¬
551 2461 2119 2605 strecken, Erbietten sich hiemitt, Allen und Jedem
535 2529 2138 2691 Hersthaften und personen, Solichs In danckbarer wissel
537 2625 2146 2749 niemer mer zu vergassen, Ounders mitt hochem
549 2743 2119 2876 fliss, vnd generegtem willen, zu allen zitten, So witt
