2479 3508
17 733 130 826 am 3.
23 820 155 935 en lyblich
14 907 153 1041 den bestand
17 985 149 1119 In dieser
19 1103 155 1200 werden soll
6 1169 163 1309 raffen, das
23 1320 157 1431 alss in brett
21 1392 138 1528 cstande
23 1520 147 1615 verheijden
19 1693 155 1842 und Diebe
29 1809 132 1900 nacht
25 1898 147 2024 in hart
21 1995 138 2131 bretso
19 2193 147 2290 Wixtt
33 2571 163 2709 vns fehren
1825 176 1966 291 150
859 145 1507 330 Die vierd schlußred
460 392 2028 586 anzucht, Dann er te lutt des ersten sin kleisten
1301 502 2084 669 Zum anndern, be¬
456 531 1241 659 libbich geessen verheisst
460 603 2075 754 kennt er die allmechtigkeitt Darmus aber mitt
465 692 2013 845 volge, pott vermag Das Darumb ist es, gestand
1187 783 2048 942 Dann der prophet sagt
477 797 979 923 ich Im nitt ab
487 869 2143 1022 alle eing die er hatt wellen, (vnd stat nit mogen.)
477 956 2090 1113 hatt er than Im hunell vnnd vff erden. Duwijl
481 1078 2042 1218 vnne aber sin wortt hall lint vnd (:ob got will:)
487 1158 2067 1313 allweg der Christlich verstand allso gewesen, wurdt
494 1256 2034 1412 er niemand von den uftruckten oporten, anderst zu¬
491 1357 2001 1495 verstan Inleitten, Er hatt oms vergessen,
489 1439 2065 1588 vnnd das er verheissen hatt, hatt er Im nacht¬
504 1540 2022 1679 mall erstattet, Darmit vnd ein ystchrifft die
1179 1629 1282 1782 17
494 1633 1008 1784 andre vsslege
1024 1751 1499 2003 Winglij
547 1935 2057 2154 Lisser Spruch Johannes am vi cap: Das,
498 2067 2022 2249 brott ende soll degeins weijs gechellt werden, es
494 2172 2084 2342 hatt ouch der pfarrer In smem theillen der over¬
500 2255 2053 2420 ten yss. worten, welches, vß gelassen. Das doch
498 2323 2121 2517 den gantzen verstand bringt, Die wortt lutend
496 2459 2129 2602 allso Das brott das ichs vch heben oemit Ist min
481 2556 2048 2707 fleisch, welches fleisten, ich hin geben wurd vmb
494 2649 2125 2810 das lebenn der weelt Lgie sicht man. Das In eem
487 2742 2075 2924 anndern puncten, eben van dem fleißen geredtt
