2479 3508
890 354 2341 528 mals der pfarrer int erchaelten mag ein sonder
872 497 2339 644 lichen zynen gewaelt, petro, dem Bapst vnd Di¬
882 558 1419 714 scheffen bewelchen
1406 667 1764 892 Farrer
890 884 2336 1074 U her Berchtold anzucht vor ouch geredt ist
863 1021 2353 1189 worden, wie Christus Jesus smen apostlen benoechen
869 1113 2330 1246 hab zu verkunden. Das wort potes zu ablasmus
1332 1206 2305 1324 Inne hart daselbst Inzogen
844 1204 1177 1358 der sund
867 1284 2316 1434 een glichung einer pfarr, oder kilchdoch so er
863 1374 2337 1526 redt van dem gevallt einer zesklingen kiechen
867 1473 2334 1614 hebben / Inn welchem er mir vast woll gefelt /
882 1549 2296 1703 so er den swaelt so parens gebraucht den ich
1897 1646 2294 1755 Dan paulus
857 1636 1726 1777 anzopt zugiet der kirchen
2139 1713 2236 1772 bin
855 1714 2315 1869 hett denselben grossen gevallt gebrucht met uit
857 1812 2303 1972 an Das Christus Im sollichen grossen gewallt
825 1909 2275 2036 Empfelchen hab Hoff onch da were nitt
857 1964 2309 2153 erhalten, Das der gewallt so empfolenn ist
855 2092 2301 2238 zu entbinden vnnd bunden, von der kirchenn
872 2183 1341 2334 vffgegept werden
1362 2259 1922 2372 In der ersten cristel
2082 2297 2368 2385 Im v capitio
869 2273 2303 2503 So er Dan anzocht zum Thormthern
867 2425 2282 2566 Inn welchen worven fr aber mir zuueeertt
848 2515 2316 2646 Als ick verhoff) Dann over mus alls panens
1215 2591 1313 2648 hacc
865 2579 2337 2745 gesprochen, hen Da er nit gegenwirg sie gesin¬
852 2682 2337 2835 mit smem lijb souders Inn dem past Das
819 2770 2347 2934 der zu swaffen, bij der allso leer In der vnlutr
