2479 3508
1172 121 1922 301 Die viiij. Chlusred
563 237 2167 383 vnd hindersich bicht, der Ist nitt geschickt zu dem
561 356 2203 491 rich gottes, Nun Ist hindersich sachen, wie Christus
574 442 2214 542 hie vermeindt, mit anders, dann von dem Stan, des
576 518 1416 677 Ien enier fur het genomen
1134 656 1928 827 Meister Vlrich zwingli,
548 825 2195 1045 Paulus Schrift mitt von den Bisthoffen oder Preestern
586 976 2195 1096 des alten testaments, Gunder von den wisthoffen
584 1064 2203 1253 der Christenlichen kilchen, prima ad Thimotheum
574 1162 2163 1325 m. ad litum. Der gelubdenhalb, sagen
586 1251 2226 1388 wir, das die gelubden des alten testaments, zum me¬
601 1312 2300 1492 vern teil, vsterlich substantijlich gaben gewesen soud,
607 1433 2199 1585 wie nun die Dubstantzlich oder liblich opfer vfge¬
595 1511 2211 1646 hort haben, Also haben ouch die gelubde vfgehort,
614 1606 2231 1773 Vann das end des gesagtes Ist Christus, Dem:
605 1676 2224 1867 nach Ist das gelube der Nagareerum gewesen,
601 1773 2254 1930 die sind ouch ein bedutanus gewesen Christi, vnd
2182 1886 2292 2017 18
595 1869 2165 2068 Ist danocht fr gebijbe, nitt so ein ewig gelijbe
595 1998 2254 2137 gewesen, Als bij uns der gemeinten geistlichen
605 2074 2228 2237 Ounder es Ist zittlich gewesen, vnd hat einer nach
607 2161 2116 2313 giner zitt, diese lb Ordnung mogen verlusten,
624 2254 2182 2444 Mummeri. vj.o Demnach ende Ist gewuß, wie
618 2330 2231 2487 wir mijnen vnder dan gesagt sind, Onder vnder
620 2423 2231 2607 der gnad, das der Christen mentsth, de hem ander
937 2548 1132 2620 moch„
601 2523 2167 2721 gelijbe, sel,, van mag thun, weder das gelijbe des
605 2626 2233 2796 gloubens, das Ist, da der mentsth, durch den glou¬
614 2707 2129 2868 ben, gott vermachlot Ist, wo der gloub Ift, da
635 2804 2173 2992 wirdt der mentsch, de hein andre profession oder
2004 2910 2112 3026 24
