2479 3508
430 1472 523 1648 4
442 1658 586 1794 94
566 1462 697 1594 Aa
1060 154 1831 333 Die dritt Schlusred,
756 304 2350 470 gestrags wider die wort Christi lutet, Oo fr. gpricht
750 422 2362 556 Ucthei am xii. von einem Jettichen vinnen wort
746 497 2348 637 das die menschen reden, werden Oi rechnung daruon
740 584 2330 726 gaben, Petrus prima, am. iiii. cap. Co der geracht
744 665 2336 813 kunn behalten wirdt, wo werden dann die bosshof¬
775 750 2354 870 tigen, vnd die sunder, bliben oder erschinen, nier¬
764 839 2354 941 umb diewil wir min, von einem feden vnmugen wort,
756 941 2358 1044 mussen rechnung guben, vnd der gericht schwerbich
746 1008 2319 1117 behalten wirdt, wie werdt es dann dem gunder gan¬
750 1095 2342 1237 Co. Ructus Paulus Opricht In der ersten zu den Co¬
744 1182 2370 1324 rinthern am. vi. Ir sollen nitt Jaren, weder die hu¬
750 1267 2309 1397 rer, noch ander offenlich gundert is, werden das rich
754 1356 2342 1486 der himet besicher, wol Ist es war, So finer In ei¬
746 1435 2352 1596 nem unglauben bisher gelibt, den glauben mittsampt
746 1523 2311 1677 dem touff, an sich name, wurden Im zin Junij, so
752 1610 2354 1762 Er vorhar gethan, mit schaden, wo aber der mensch
748 1689 2275 1851 nach dem touff, In hoptsund valt, muss Er sich
764 1790 2297 1946 gegen gott, mitt bicht, vuw, penitenz, oder guten
756 1882 2372 2048 wercken, versunen, & mist wirdt stuij. nach sinen weet
752 1957 2313 2143 ken gaben, vnd Im der tod. Christi, nitt mr. mijn
750 2060 2021 2218 sin, diewil fo In hopt sijnden verharret,
1154 2188 1790 2380 Martinus buijer
756 2336 2265 2534 Das der dag ewig taben hab, vnd Impt. also de hein
712 2469 2273 2628 zijnd, Entrich his Ich gesagt, Ochaden moge, het
738 2579 2364 2743 Christus gults geredt, nittdestweninger muß rachen
744 2664 2271 2822 schaft gaben werden, für een todes vinnitzes wort,
746 2751 2255 2914 vnd was vnrecht st. wer in der Rechnung,
