2479 3508
802 405 2257 622 Das sollicher regt allso zever stan sig, was
812 553 2267 714 da vrthendt solg. verden Das mog vr¬
800 646 2284 792 te willen der geistlich monschen, verschrifft soll
812 743 2274 904 aber int geurtheilet werden, Dan se sij von
812 851 2286 1009 Dem geist pottes, Dorumb moy er sy nit
1487 934 2294 1077 wijs mus breninckens
768 980 1192 1085 Horthsillen
821 1036 2299 1207 Is haben sy Die widerpartgij notwendigen
824 1146 2301 1299 nachzelassen, Das durch den peijtlichhen die
812 1241 2311 1382 geschrifft, verwerffen die vns anzoigt, Durch
324 1207 785 1394 # mogen vnd soll
349 1333 2303 1450 peurthalt werden die kistenlich kirchen ist worden, Alls Heilig
375 1414 2291 1580 dan Je der Lomd vom geiste gotes, Dahar komen. Sonders
336 1502 734 1618 geschrifft vr¬
824 1509 2282 1677 es ist erkennen. Den geist geweder x sthrifft
324 1572 746 1692 theillen heijs
846 1616 2284 1774 vnnd ob sy vom geistes pors geschriben sich wor¬
317 1640 807 1757 mit de voorschrifft
819 1714 2208 1867 den welliches die wider parthey nitt
534 1723 626 1865 +
829 1804 2172 1948 allein niet abschlachen kan, oder mag der
836 1872 2267 2023 heilligen, Christenlichen Kilchen, So sy doch
821 1982 2230 2138 Inen seles sollichs zu gelert vnnd furgenomenn
821 2065 2296 2223 haben. Dann sy Je veelich bucher, der heil¬
824 2140 2279 2301 lixen verschrifft, hoch loben, eenen vnnd prijsenn
821 2233 2274 2401 Allef die da gantz voll sienne des gents vande
838 2345 2245 2506 vermangelioms Alles die Epistell zum Rho¬
838 2413 2264 2601 mein, Das En anselium Johannis, ende vnnd
831 2518 2225 2696 anndre geschrifft, ob sy glich thusvnt Jar
834 2608 2301 2759 von der klechen alls heele cracht ist worden
834 2703 2245 2898 verkleinen vnnd vrtheillen, Als die
