2479 3508
702 305 2198 578 Dann phtrus Johannis am vn cap: sprichtt
716 496 2204 669 Inn aller namen, Zu wem soelten wir gan¬
693 580 2269 744 Hie aber redt Christus mit Im allem Dir recht
704 683 2272 858 wird ich geben die scheussell, Das er in zucht
704 799 2259 944 Mathe iiij cap: Er heige min zweyen ge¬
754 879 2259 1047 agt. Ich wijre vijff machen vnsther der
722 982 2288 1141 monstgen vnnd hofs doch nacher andern
720 1078 2304 1281 geleistet, Das doch midt zu der sack dienst
754 1192 2229 1367 den wir erkennen, die christenlch kiech
718 1306 2202 1487 Das er Johannes ex cap: Da er sprach
732 1419 2267 1594 ick gib vch den geist Das Christus Inen
756 1533 2253 1700 allen gewallt geben hat die sind zeverzuchen
781 1633 2249 1796 Da er sprucht nement hin van heilagen
742 1739 935 1908 Reijt
1147 1737 2253 1916 wenn ix Die sijnde verzuchen ende
771 1846 2196 2019 Da niemand abred ist, Das es zu allen
736 1958 2156 2145 Jungern gesthecken sig. Das er aber
744 2072 2192 2249 darumb den andern die schlusselle ver¬
738 2174 2198 2359 heissen vnnd gelastet eenige Das zogt
801 2290 2200 2467 tis schrifft int hetter an Sounders zoigt
769 2402 2245 2579 die perschrifft an Das Johannes am lesten
787 2514 2206 2699 Cap: persio Insonderheit gelastet sien, Die
793 2631 2174 2794 schlussell Inn Dom so er spriche zum
773 2707 2263 2928 dritten maer, Weid mijne schaffly, Das
