2479 3508
2024 159 2166 281 321
769 132 1718 348 Burgermeisters van Sant Gallen
1718 247 1927 377 Doctor
547 279 2154 463 vred hern Burgermeisters van vant wollen, Joachim
547 398 2049 536 von watts funamen der herren Presidenten, zu
559 480 1117 610 einem beschluß
543 616 2179 796 t'wurdig hoch und wolgelext, gestreng edel vest, from
549 740 2143 876 fursichtig wiss herren, Lieben und guten frund, die¬
559 828 2160 953 wil sich, dis christenliche disputation zu Ende gezo¬
534 922 2219 1056 gen, vnd min heeren die Presidenten, von minen gna¬
538 1010 2164 1154 digen herren, thulthessen und Rijt, diser loblichen
536 1085 2101 1257 Otatt Gern, vss. dem grund, gedachter disputation
559 1175 2214 1324 vorzustand, verordnet sind, das ende schielich der par¬
553 1255 2166 1416 thijen halb waeren, dabij hochsten fliss anckerten, da¬
547 1358 2162 1487 mitt red vnd widerred, sampt alles furtrags, zu der
545 1414 2164 1567 Sach dienende, In die Acta, van hern Stattsthreiber, vnd
547 1519 2139 1655 den andren verordneten Othribren, nach vermog der
547 1596 2120 1749 gebübden, Co Si gethan, verfasset, vnd zusamen ge¬
545 1699 2074 1852 bracht wurden, Bevelchen mir, geracht min
561 1766 2177 1904 herren, mencklichem zueroffnen, das Oi in Colich:
559 1835 2120 1994 am, allen Iemer vermoglichen Miss, ankent, vnd
543 1950 2137 2108 darby, Ounder vfsachen vnd sorg gehapt habenn,
547 2034 2099 2177 das der perthijen, So wider ein andren gestanden
564 2114 2214 2246 sind, fur trag, nach Innhalt der worten Co gebrucht
555 2202 2164 2323 sind, eijgentlich In die Othrift kamen, und sine
541 2288 2093 2436 Daruf die Schreiben, anzuzoigen, ob Iendert In der
543 2401 2160 2524 Cach mangel ware, mitt ernst ervordrot, bij we¬
543 2447 2156 2581 lichen man mit anders, dann gelichsamen verstand
547 2529 2160 2669 vnd einhalligen vergriff, (wie Oidann, von einer Des¬
555 2619 2135 2747 sion zu der andren, aue verzug collarioniert, vnnd
555 2726 2137 2841 entgegen gehalten haben) erkundet vnd erfunden
568 2803 2219 2946 het, Eenmach gedicht min heeren Presidenten,
