2479 3508
263 2477 430 2663 16
257 2650 361 2789 20
1153 113 1809 312 Die vi. Schlussred.
1178 263 1824 413 Johannes buchstab,
1972 389 2314 533 „ geschriben„
552 419 2269 614 Die Ichs dargethan hab, dabij blik Ich, Ich find ^ bin buch
607 539 2265 687 Tob. xxxiii. Das Helin ein frund Jobs, dem Job ein
612 631 2261 749 Rat git, damitt Job von mier widerwartikeit, entledi¬
616 706 2284 860 got wurde, vnd Opricht, So da wirdt ein fugel zijn,
612 800 2301 952 der da für Jun eius redt vsz der gleichen, vnd vorkundt,
605 881 2254 1048 die fromkeit des mentsthen, wirdt sich vber Jun er¬
618 980 2271 1144 barmen, und jagen, Erledig Juni, damitt Er nitt ab¬
642 1067 2261 1211 stig In die Zerstoende ungess. Hie haben wir kundtschaft,
620 1159 2201 1296 das die Engel mogen fur uns bitten, wie vil mer
614 1245 2271 1392 die heiligen, Co Canctus Paulus Cxricht 1. ad Co:
614 1330 2233 1489 pinthies. vj. wussen Ir nitt, das wir die Engel vr:
614 1418 2164 1555 teillen werden, hand nun dien engel bolichen
607 1521 2137 1668 gewalt, wie vil mer haben gewelt die, So vber 61
629 1608 1198 1739 vrteillen werden
1238 1675 2276 1865 Doctor Johannes Oecolampadius
1705 1818 1822 1914 21
637 1850 2323 2055 Der Spruch angezogen usch. Job, zucht sich nitt dahin,
620 1991 2179 2137 das den fugten zu gaben werd, bitt, oder fürbitt
543 2068 2201 2218 Aber vil mer, das der Engel erman, oder etwas
618 2156 2244 2301 verkunde, vnd so kreftenblick vnder wisz. vnd lere
601 2263 2233 2421 das der mentsch harnach, gott den herren bitt, die wil
607 2344 2244 2502 Er von dem Engel bewegt worden Ist, vnd also er¬
629 2440 2235 2607 lang, die baron hertjikeit gottes, darumb So dient
629 2543 2271 2680 vijch der Spruch gar mit, dann witter ouch hernach
633 2618 2250 2793 volgt, die gott dem mentsthen wil nachlissen, vnd
627 2716 2273 2868 beuilcht dem fugel, das Er Jun frloß mitt sinem
614 2817 2297 2958 dienst, Als wir Jan Palmen ouch haben, m:
