2479 3508
790 284 2307 506 Exlösung in Christo durch sin blut Item
786 430 2348 615 Inn der ersten Epistel petri am 1 cap: Christus
782 547 2246 704 hat vns erlosst In smein blut Biemit
797 646 2305 825 mein Ich genug angezoigt sin, Das vnsere
792 727 2280 928 lebendge christen liche kilch, nit allein nach
776 838 2299 1021 der gothheit, sonders omen nach der mon¬
790 951 2336 1101 scheit vnd durch sin pnterliden, blut vergiessen
790 1041 2270 1225 pouw sterben, sie formiert vnd vffgericht
762 1148 2262 1323 dan die klech so vor der zukunfft, Christi
1929 1258 2095 1338 gestallt
805 1266 1233 1420 gewesen ist
1309 1268 2237 1451 was int solcher lebendig
805 1362 2258 1552 dan alle glider derselbigen kilchen waren
762 1486 2278 1636 noch In dan zorn potes vnd noch nit
772 1579 2175 1760 begnadet, zu der säligkeit sonder die do
790 1684 2291 1875 absturben, furen all In den kercker der vorhell
1270 1817 1819 2003 Berchtoldus
788 1945 2202 2194 Meister Vlrich hatt den andern spruch
778 2122 2143 2274 zijn gebreern, am xiii cap, allein der
780 2200 2250 2377 Ovelltlichen, oberkeit zu geben, Den christen
778 2330 2285 2493 aber den dienst götliches worts Also findt
762 2412 2210 2604 es sich selbst an spruchen, van spruch In
782 2515 2272 2711 Der geschichten der apo: am xx cap: Ist
784 2610 1177 2787 erst besagt
1367 2752 1756 2927 Stimper
