2479 3508
203 2033 362 2181 £ 19
512 1781 595 1948 11
1152 142 1798 301 Die vii. Schlusredi
631 288 2204 445 vroerem hergen, In fasten, In weinen, In truren, vss
614 377 2242 527 dem volgot clar, das In der peuitong, etwas Strafflichs
623 459 2255 614 muß sijn, und so wir het, mitt Jungsam gereinigt
623 553 2221 684 worden, muß es doende zin, Dann als wis heben, in
629 646 2221 777 der 1. Johannes m. v. welicher weist sinen bruder
623 714 2317 849 Cunden, ein gnud nitt zum tod, der begar, vndes wirdt
608 813 2291 953 Im gaben werden das leben, Es Ist ein stund zum tod,
614 927 2268 1052 fur die Ich Oprich nitt, das man bitten hollt, hie hout
627 985 2274 1127 man, das Pant Johans, fur ein zubitten, vnd nitt fur
627 1069 2304 1228 die andren, Das geschicht nitt für die labendigen, dann
627 1160 2327 1317 die wil der mentsten lidt, Col man nitt an Im verzwillen,
627 1270 2291 1410 darumb Ist geredt von den todten, dann fur die In der
623 1353 2234 1480 tell, sol niemand bitten, Joolgot, das man fur die
612 1444 2236 1597 Im fagfür zal bitten, wie wir dann des ein anzoigen
633 1548 2192 1707 haben, Mathei. xije. welicher wurd reden ein wort
648 1614 2302 1806 wider den heiligen geist, wirdt Inde nitt nachgelusten,
642 1730 2304 1874 weder In difer welt, noch In der zukunftigen, so min
633 1830 2302 1988 der text lutet, das ein Rund In der zukunftigen welt,
637 1921 2300 2073 nitt nachgelassen werde, get. Es ein klare anzugning,
629 2010 2217 2183 das dabij zu verstan Ist, das In der kunftigen welt,
633 2092 2223 2245 das Ist nach disem laben, ouch die vnnd nachgelassen
642 2189 2209 2348 werdent, Nun mag Es In der Holl. nitt gln. Im
642 2295 2228 2452 Chimel darft es om uijt, Co muss es Im mittel sijn
633 2389 2270 2533 wir das fagfur nannen, dann zweij verziecken wer:
633 2471 2245 2609 den hie gemelt, Beuilch vnd vnderwirft mich ge¬
642 2581 2289 2715 meiner christlichen kilchen, wo Ich geint hette, Pro
637 2674 2221 2818 testier mich ouch, hier niemand mij verhout haben,
635 2757 2289 2901 dann Ich mich erkenn eins kleinen verstands, In go¬
637 2886 2257 3015 lichen grossen handlen, antraffende unsern einigen
627 2975 972 3121 gloubenn,
