2479 3508
278 822 584 1039 4650
155 999 567 1143 # das Ist In
215 1107 540 1237 Das Grab,
412 2286 506 2403 .
1190 113 1902 319 Die vii. Schlusseredi
610 232 2257 463 Nun Ist gewuss, das Christus die vngleuijgen,
612 382 2323 531 die In der gett waren, das Eft In ewiger verdamnis
627 482 2278 646 weder henngesucht, noch erlost hat, Qunders Er
620 572 2267 735 hat allein, die vsz. dem verlangen genomen, die da
620 672 2223 814 des gottlichen angesichts, beroubet waren, vnd aber
1407 761 1619 820 „mitt
627 761 2325 882 get. forchtig vnd glaubig, Abraham gewesen waren
644 846 2291 1012 Die het fr. henige sucht vnderlost, Als i.en Petri,
620 950 2182 1088 iij. capite, Eenen xxxiiij. Oeducitis canos
620 1035 2301 1188 meos ad Inferos u as vsz. dem Psalmen Ist m:
620 1139 2323 1258 gezogen, Da sachen wir, Cas zu den hebben furen,
627 1222 2316 1366 vnd wider van den hellen furen, mügit anders Ist,
633 1313 2272 1432 wider todten vnd labendig machen, Da Er aber
644 1413 2225 1558 Opricht, Ou hast min Oel, vff der tieffen oder
629 1513 2146 1672 nodren hell erlost, lxxxve Psalmo, hat der
608 1606 1887 1785 Hebraismus, de hem comparatimum 1
1298 1717 2340 1927 Doctor Johannes Verolampadius
2010 1898 2157 2038 10a
627 1972 2331 2184 Is Ist mijogen worden, vs B dem. viiii. capittel des
580 2116 2236 2265 Dropheten Zachavie, Ein Spruch, mitt Polchen
620 2206 2227 2354 worten. Und ouch du In dan blijt dines testa¬
618 2280 2174 2452 ments, hast voorss. gelassen drie gefangnen, vs
623 2376 2242 2512 den Cisternen, In den da de hem wasser, Oiser
635 2461 2265 2614 Opruch zoutt vns an, wie wie durch Christum,
633 2558 2270 2746 vss. einer Schwaren gefenknis der sijnden, erlost
627 2650 2225 2816 sind, welche gefencknus vergleichot wirdt, einer
642 2743 2138 2932 ziffernen, oder ende umpfigen lachen, da de hem
