2479 3508
26 771 120 891 somme
330 2676 474 2853 Dd
2057 163 2192 244 270
995 165 1663 350 Die. vi. Schlussred.
580 311 2116 452 heiligen, Ist aus Zwifel nitt, Eann er Opricht, die
574 427 2090 556 liebe wirdt niemermer vfhoren, vnd Ich mein
576 515 2147 647 jouch nitt, das Er dorfte opraechen, dat die vser wel:
586 606 2123 753 ten heiligen Im. himel, witt solten die gottlichen
582 692 2123 822 liebe haben, Ja ouch vberflussiger, dann de hein
568 796 1807 924 mentsten moge heben, hij In diser zit,
1007 936 1840 1097 Meister Vlrich zwingli¬
1390 1050 1479 1166 19
543 1097 2133 1249 Wir bekennen, das die liebe der vszerwelten Oali¬
554 1213 2186 1368 gen, gar vilanders, vnbresthafter vnd groe stor Ist,
570 1313 2129 1429 dann die liebe der Herbenden, Das Stritt aber nitt
576 1392 2151 1518 wider uns, Dann wir anzeigen, das de Paulus redt,
570 1477 2080 1600 von der liebe, die wir In diser zit haben, Diesebben
580 1575 2082 1711 brasthaftig liebe, mogen wir den Paligen gottes,
566 1665 2082 1819 nitt zu rechnen, wie In den worten Pauli ange¬
576 1756 895 1901 zoigt IJt.
1111 1874 1673 2013 gidius murer
566 2068 2123 2241 Noch Ist vorhanden, min furgewendt argument
570 2184 2147 2340 zum teil, So Christus fuij vns bittot Im himel,
570 2273 2021 2430 vnd vnser widerparthij zugibt, das fur bitt der
566 2344 2112 2532 mentschen hie vff ertrich, so sol es ouch denen
547 2470 2129 2591 Inde huuel verlangen, Canne Warnmb, Fintwa¬
549 2540 2106 2678 ders die heiligen Im. Himel, batten nitt fur uns,
572 2623 2123 2772 wie hij die libendigen vff ertrich, darumb das ffb
576 2705 2127 2853 In en nitt zimpte, So wurde es ouch Christo nitt
598 2794 2186 2979 zugeeignot werden. Oder es Ist ein sommlich duig,
