2479 3508
1998 171 2133 331 299
1095 154 1776 339 Die vii. Ablusschen
598 283 2167 453 von den abgestorbnen wisen, oft das Ir nitt teuren
576 393 2101 532 Paulus legt hie vs die vostende, das wir nitt also
588 482 2137 602 Collen truren vmb die todten, als die heiden thijten
594 560 2143 692 Die nitt glauben die vrstende des lits, vnd verbij¬
600 646 2137 786 tot nitt, das man fur die abgestorbnen, nitt rolle
606 770 857 873 betten,
1126 796 1739 969 Voochtoldus hatter
604 991 2119 1190 in lange Red, aue sthrift haven gefurt, bedarft
588 1138 2143 1270 dehenier andtwurt, Paulus verbijtt ad Thessalo:
584 1248 2117 1360 nicenses, en unglaubig teuren, deren die de hem
598 1314 2139 1493 hoffnung haben des kunftigen labens, Eiewil
586 1398 2145 1543 aber wir gloubden, das Christus vom toderstanden
582 1463 2139 1647 Ist, vnd wir In Christo werden vforstan, vn d
578 1579 2072 1774 also bij dem herren zijn alle zitt, So hollen wir
588 1657 2173 1822 vns mitt disen worten, vnder en andren trösten,
572 1760 2123 1932 wie Christenliche liebe vordrot, Douerr das wir
580 1860 2143 2032 nitt In unglauben fallenn, vnd Ist dirmus nitt
580 1940 2137 2131 wider die Exempel, durch den Schulmeister an:
568 2093 869 2231 gezogen,
1116 2117 1774 2287 Johannes buchstab,
502 2291 2109 2532 Die hoffnung, van dero Paulus hie sagt, tst de:
562 2456 2077 2604 nen So Rm. fag fur sind, nitt abgeschlagenn,
562 2540 2109 2692 vnd Ist her Berchtolden In gefurte red, gar mit
576 2634 2089 2761 wider mich, dann wir hoffnung haben, darumb
570 2729 1970 2875 wir fur Sibitten, ende zijen der verweltenn,
