<?xml version="1.0" encoding="UTF-8" standalone="yes"?>
<PcGts xmlns="http://schema.primaresearch.org/PAGE/gts/pagecontent/2013-07-15">
    <Metadata>
        <Creator>prov=READ-COOP:name=TrHtr:version=2.41.0:model_id=51170:date=09_03_2026_17:25</Creator>
        <Created>2026-01-27T10:35:01.819+01:00</Created>
        <LastChange>2026-03-09T17:25:08.529+01:00</LastChange>
        <TranskribusMetadata docId="13922579" pageId="112790682" pageNr="722" status="IN_PROGRESS" userId="537" imgUrl="https://files.transkribus.eu/Get?fileType=view&amp;id=XZJQUCXCHOYHCDXFFOKNCELF" imageId="95349717"/>
    </Metadata>
    <Page imageFilename="112790682.jpg" imageWidth="2479" imageHeight="3508">
        <TextRegion orientation="0.0" id="tr_1">
            <Coords points="555,152 555,3454 2295,3454 2295,152"/>
            <TextLine id="tr_1_tl_1" custom="readingOrder {index:1;}">
                <Coords points="2018,227 2029,227 2052,242 2090,212 2122,244 2143,244 2143,151 2124,151 2092,163 2065,144 2046,163 2018,163"/>
                <Baseline points="2030,206 2059,202 2089,201 2119,203 2149,206"/>
                <TextEquiv>
                    <Unicode>30</Unicode>
                </TextEquiv>
            </TextLine>
            <TextLine id="tr_1_tl_2" custom="readingOrder {index:2;}">
                <Coords points="1194,269 1363,257 1446,326 1560,273 1700,303 1751,267 1880,254 1878,163 1607,144 1456,163 1406,140 1333,189 1249,146 1189,151"/>
                <Baseline points="1206,232 1239,232 1273,234 1307,235 1341,235 1375,237 1409,240 1442,242 1476,244 1510,246 1544,247 1578,248 1612,250 1646,250 1679,252 1713,253 1747,253 1781,253 1815,253 1849,254 1883,256"/>
                <TextEquiv>
                    <Unicode>Die viii. Chlussred</Unicode>
                </TextEquiv>
            </TextLine>
            <TextLine id="tr_1_tl_3" custom="readingOrder {index:3;}">
                <Coords points="594,394 1840,409 1933,460 2177,416 2177,346 1853,301 1490,337 1370,261 1293,326 1249,295 1026,354 890,297 591,316"/>
                <Baseline points="606,376 684,376 763,376 842,379 921,379 1000,381 1078,384 1157,385 1236,385 1315,388 1394,388 1472,389 1551,391 1630,394 1709,397 1788,399 1866,400 1945,403 2024,403 2103,406 2182,406"/>
                <TextEquiv>
                    <Unicode>bucht vnde tringt, So wirdt nitt anderst erfunden</Unicode>
                </TextEquiv>
            </TextLine>
            <TextLine id="tr_1_tl_4" custom="readingOrder {index:4;}">
                <Coords points="600,488 1136,485 1234,534 1300,481 1456,515 1855,483 2050,524 2188,492 2188,422 1916,460 1796,409 1647,454 598,394"/>
                <Baseline points="612,465 691,463 770,462 849,465 928,465 1007,468 1086,467 1165,471 1244,474 1323,471 1403,471 1482,472 1561,475 1640,477 1719,480 1798,482 1877,484 1956,486 2035,486 2114,486 2194,489"/>
                <TextEquiv>
                    <Unicode>dann das die, So fey Othon wider hand, Erlich vnd</Unicode>
                </TextEquiv>
            </TextLine>
            <TextLine id="tr_1_tl_5" custom="readingOrder {index:5;}">
                <Coords points="602,600 736,553 960,611 1009,564 1202,613 1433,555 2237,587 2116,502 600,502"/>
                <Baseline points="612,543 693,548 774,549 856,549 937,549 1018,549 1100,549 1181,551 1262,554 1344,555 1425,552 1506,555 1588,555 1669,558 1750,561 1832,562 1913,564 1994,570 2076,570 2157,570 2239,570"/>
                <TextEquiv>
                    <Unicode>wel laben, hier zu georduot mogen werden, welichen</Unicode>
                </TextEquiv>
            </TextLine>
            <TextLine id="tr_1_tl_6" custom="readingOrder {index:6;}">
                <Coords points="600,632 704,674 2234,672 2179,572 1068,625 753,560 600,602"/>
                <Baseline points="612,629 693,635 774,638 856,638 937,639 1018,641 1100,644 1181,641 1262,643 1344,643 1425,641 1506,641 1588,643 1669,647 1750,647 1832,649 1913,650 1994,650 2076,650 2157,648 2239,656"/>
                <TextEquiv>
                    <Unicode>bruch die Brecimoch hutt bij tag haben; Es wirdt</Unicode>
                </TextEquiv>
            </TextLine>
            <TextLine id="tr_1_tl_7" custom="readingOrder {index:7;}">
                <Coords points="606,740 823,729 867,772 909,734 1361,736 1584,782 1624,746 2158,738 2158,693 1914,668 1641,704 1467,657 606,670"/>
                <Baseline points="618,728 695,728 772,725 849,725 927,725 1004,727 1081,728 1159,728 1236,728 1313,730 1391,732 1468,734 1545,734 1622,735 1700,737 1777,740 1854,737 1932,737 2009,737 2086,735 2164,734"/>
                <TextEquiv>
                    <Unicode>ouch de hemer harfur bringen, mitt offen barer</Unicode>
                </TextEquiv>
            </TextLine>
            <TextLine id="tr_1_tl_8" custom="readingOrder {index:8;}">
                <Coords points="598,840 710,882 1007,820 1285,820 1372,865 1571,825 1673,867 1955,835 2008,876 2150,840 2150,778 2086,748 1885,784 1728,744 1598,782 1410,740 1293,778 1028,738 946,776 905,738 598,763"/>
                <Baseline points="609,826 686,821 763,818 840,818 918,818 995,818 1072,815 1150,815 1227,815 1304,818 1382,818 1459,821 1536,824 1613,824 1691,824 1768,824 1845,826 1923,827 2000,824 2077,820 2155,821"/>
                <TextEquiv>
                    <Unicode>Othrift, das dehem Mostel, nach dem fr Chri¬</Unicode>
                </TextEquiv>
            </TextLine>
            <TextLine id="tr_1_tl_9" custom="readingOrder {index:9;}">
                <Coords points="608,946 1109,912 1191,960 1444,914 1601,973 1872,912 2230,922 2192,842 1692,890 1575,827 1482,869 814,842 729,884 608,844"/>
                <Baseline points="620,907 700,905 781,904 862,904 943,904 1024,904 1104,907 1185,905 1266,907 1347,907 1428,910 1508,910 1589,910 1670,910 1751,911 1832,910 1912,910 1993,907 2074,906 2155,907 2236,901"/>
                <TextEquiv>
                    <Unicode>stum erkendt, ouch kom Priester, mitt verwilli¬</Unicode>
                </TextEquiv>
            </TextLine>
            <TextLine id="tr_1_tl_10" custom="readingOrder {index:10;}">
                <Coords points="608,1066 693,1003 767,1039 901,994 1039,1047 1346,994 1465,1052 1579,1003 2135,1007 2135,946 2031,909 1588,975 1450,918 1325,952 1249,916 1189,960 952,914 608,946"/>
                <Baseline points="620,1003 696,998 772,994 848,994 924,994 1000,994 1076,994 1152,994 1228,992 1304,991 1380,991 1456,994 1532,995 1608,997 1684,995 1760,994 1836,994 1912,997 1988,1000 2064,997 2140,997"/>
                <TextEquiv>
                    <Unicode>gung der kilchen, Ein wil genomen hab, Cas</Unicode>
                </TextEquiv>
            </TextLine>
            <TextLine id="tr_1_tl_11" custom="readingOrder {index:11;}">
                <Coords points="615,1130 1005,1077 2205,1107 2241,1007 1465,1056 1386,1013 615,1032"/>
                <Baseline points="626,1095 711,1084 796,1080 881,1077 966,1076 1052,1075 1137,1077 1222,1077 1307,1080 1392,1080 1478,1077 1563,1080 1648,1080 1733,1080 1818,1079 1904,1077 1989,1074 2074,1077 2159,1077 2245,1074"/>
                <TextEquiv>
                    <Unicode>Ist ouch nitt min mein nug, das man allein fun¬</Unicode>
                </TextEquiv>
            </TextLine>
            <TextLine id="tr_1_tl_12" custom="readingOrder {index:12;}">
                <Coords points="608,1223 920,1177 1111,1225 1251,1172 1391,1213 1639,1187 1713,1234 1777,1177 2171,1162 2171,1105 2099,1083 1813,1081 1696,1143 1514,1083 611,1128"/>
                <Baseline points="620,1179 697,1176 775,1176 853,1175 931,1173 1009,1170 1086,1170 1164,1170 1242,1167 1320,1170 1398,1170 1475,1170 1553,1170 1631,1170 1709,1165 1787,1163 1864,1161 1942,1158 2020,1155 2098,1157 2176,1152"/>
                <TextEquiv>
                    <Unicode>ge zu Gisthoffen musste ordnen, als In miner</Unicode>
                </TextEquiv>
            </TextLine>
            <TextLine id="tr_1_tl_13" custom="readingOrder {index:13;}">
                <Coords points="604,1276 1340,1314 1389,1268 1596,1268 1715,1333 1883,1255 2065,1257 2171,1312 2141,1164 1781,1187 1717,1234 1257,1174 1071,1232 926,1181 606,1223"/>
                <Baseline points="618,1265 695,1271 773,1270 851,1268 929,1268 1007,1268 1085,1266 1163,1265 1241,1265 1319,1265 1397,1265 1474,1262 1552,1259 1630,1257 1708,1254 1786,1253 1864,1250 1942,1250 2020,1249 2098,1250 2176,1250"/>
                <TextEquiv>
                    <Unicode>voor ingefurten Red, zum teil anzoigt wirdt, Bij</Unicode>
                </TextEquiv>
            </TextLine>
            <TextLine id="tr_1_tl_14" custom="readingOrder {index:14;}">
                <Coords points="606,1370 2169,1359 2171,1251 2031,1312 1895,1255 1715,1333 1471,1274 1329,1317 1052,1280 999,1331 884,1274 723,1327 608,1297"/>
                <Baseline points="618,1358 695,1361 773,1361 851,1358 929,1355 1006,1352 1084,1352 1162,1355 1240,1355 1317,1355 1395,1355 1473,1355 1551,1352 1628,1350 1706,1349 1784,1348 1862,1349 1939,1346 2017,1344 2095,1343 2173,1343"/>
                <TextEquiv>
                    <Unicode>dam andren blib Ich, wie Ichs vor Ingefurt hab,</Unicode>
                </TextEquiv>
            </TextLine>
            <TextLine id="tr_1_tl_15" custom="readingOrder {index:15;}">
                <Coords points="1105,1588 1208,1537 1353,1601 1425,1550 1768,1588 1838,1539 1893,1577 2008,1533 2010,1450 1857,1450 1804,1497 1734,1448 1577,1486 1327,1403 1191,1461 1107,1450"/>
                <Baseline points="1116,1528 1160,1528 1205,1528 1250,1534 1295,1537 1340,1537 1384,1537 1429,1537 1474,1537 1519,1534 1564,1534 1608,1534 1653,1531 1698,1531 1743,1531 1788,1528 1832,1528 1877,1531 1922,1531 1967,1531 2012,1531"/>
                <TextEquiv>
                    <Unicode>Meister Vlrich Zwingli</Unicode>
                </TextEquiv>
            </TextLine>
            <TextLine id="tr_1_tl_16" custom="readingOrder {index:16;}">
                <Coords points="543,1741 600,1785 1083,1709 1355,1762 1554,1711 1813,1762 2012,1700 2120,1753 2194,1724 2194,1643 2052,1594 1861,1664 1762,1618 1675,1673 1556,1605 1238,1679 545,1562"/>
                <Baseline points="555,1734 637,1725 719,1728 801,1726 884,1723 966,1719 1048,1718 1130,1716 1213,1713 1295,1710 1377,1710 1459,1709 1542,1707 1624,1710 1706,1710 1788,1705 1871,1704 1953,1704 2035,1704 2117,1704 2200,1707"/>
                <TextEquiv>
                    <Unicode>Onanias het betrogen, und de hem gelijbe brots¬</Unicode>
                </TextEquiv>
            </TextLine>
            <TextLine id="tr_1_tl_17" custom="readingOrder {index:17;}">
                <Coords points="591,1851 2203,1806 2173,1730 2037,1717 1863,1719 1787,1774 1575,1717 1304,1768 761,1736 594,1783"/>
                <Baseline points="603,1827 683,1821 763,1819 843,1813 923,1812 1003,1809 1083,1809 1164,1804 1244,1803 1324,1803 1404,1803 1484,1800 1564,1800 1644,1798 1725,1797 1805,1797 1885,1797 1965,1795 2045,1794 2125,1793 2206,1791"/>
                <TextEquiv>
                    <Unicode>en, dann Er hatt de hem gelijbe gaben, Das Reimi¬</Unicode>
                </TextEquiv>
            </TextLine>
            <TextLine id="tr_1_tl_18" custom="readingOrder {index:18;}">
                <Coords points="604,1910 2192,1906 2192,1821 1855,1847 1696,1808 1573,1868 1287,1813 1225,1863 1073,1815 795,1876 604,1844"/>
                <Baseline points="615,1907 694,1904 773,1900 852,1895 931,1895 1010,1895 1089,1895 1168,1895 1247,1892 1326,1893 1406,1895 1485,1895 1564,1892 1643,1890 1722,1889 1801,1889 1880,1889 1959,1887 2038,1886 2117,1886 2197,1886"/>
                <TextEquiv>
                    <Unicode>kett niemand abgeschlagen werd, vermeinet Chri¬</Unicode>
                </TextEquiv>
            </TextLine>
            <TextLine id="tr_1_tl_19" custom="readingOrder {index:19;}">
                <Coords points="611,2046 672,1999 1092,1989 1272,2046 1543,1993 1957,2048 2103,1980 2209,2001 2211,1904 2095,1936 2044,1900 1982,1955 1514,1902 1300,1963 1230,1910 611,1921"/>
                <Baseline points="623,1994 702,1994 782,1994 861,1991 941,1989 1021,1988 1100,1988 1180,1991 1259,1991 1339,1991 1419,1988 1498,1988 1578,1988 1657,1983 1737,1981 1817,1979 1896,1979 1976,1976 2055,1976 2135,1979 2215,1979"/>
                <TextEquiv>
                    <Unicode>stus gul., da Er opricht, Mathei. xviije. Es Ist</Unicode>
                </TextEquiv>
            </TextLine>
            <TextLine id="tr_1_tl_20" custom="readingOrder {index:20;}">
                <Coords points="591,2118 1054,2073 1291,2118 1834,2075 2194,2103 2194,2003 2114,1982 1955,2048 1545,1993 1276,2046 1096,1991 960,2048 763,1997 591,2039"/>
                <Baseline points="603,2080 682,2080 762,2080 842,2075 922,2072 1002,2074 1082,2074 1161,2074 1241,2077 1321,2077 1401,2077 1481,2080 1561,2077 1641,2075 1720,2074 1800,2074 1880,2074 1960,2069 2040,2067 2120,2065 2200,2060"/>
                <TextEquiv>
                    <Unicode>nitt Jederman des vande sig, das Ist der Remikeit, Das</Unicode>
                </TextEquiv>
            </TextLine>
            <TextLine id="tr_1_tl_21" custom="readingOrder {index:21;}">
                <Coords points="585,2181 750,2220 882,2162 1213,2198 1346,2162 1757,2218 1863,2169 2201,2160 2201,2107 1957,2126 1853,2075 1683,2128 1469,2082 1289,2120 1160,2075 1047,2124 585,2135"/>
                <Baseline points="597,2173 677,2170 757,2168 838,2166 918,2161 999,2158 1079,2161 1160,2161 1240,2161 1321,2161 1401,2164 1481,2167 1562,2167 1642,2164 1723,2164 1803,2164 1884,2162 1964,2159 2045,2157 2125,2154 2206,2152"/>
                <TextEquiv>
                    <Unicode>vns gott nitt versuchen lask, oder angefochten wer¬</Unicode>
                </TextEquiv>
            </TextLine>
            <TextLine id="tr_1_tl_22" custom="readingOrder {index:22;}">
                <Coords points="585,2275 734,2315 1314,2251 1556,2313 1974,2251 2226,2324 2228,2162 1980,2220 1866,2169 1569,2222 1391,2186 1111,2228 1024,2162 714,2232 587,2196"/>
                <Baseline points="597,2266 678,2262 760,2260 841,2260 923,2257 1005,2255 1086,2253 1168,2251 1250,2248 1331,2248 1413,2250 1495,2253 1576,2251 1658,2251 1740,2251 1821,2251 1903,2248 1985,2246 2066,2245 2148,2252 2230,2263"/>
                <TextEquiv>
                    <Unicode>den, vber das wir vermogen, prima ad Cornithios No.</Unicode>
                </TextEquiv>
            </TextLine>
            <TextLine id="tr_1_tl_23" custom="readingOrder {index:23;}">
                <Coords points="579,2357 1064,2385 1232,2347 1331,2391 2018,2345 2084,2391 2156,2347 2156,2275 1704,2264 1556,2315 1011,2254 948,2296 579,2290"/>
                <Baseline points="591,2355 669,2352 748,2348 826,2345 905,2343 983,2341 1062,2342 1140,2340 1219,2340 1297,2340 1376,2340 1454,2340 1533,2340 1611,2340 1690,2341 1768,2340 1847,2337 1925,2338 2004,2337 2082,2337 2161,2337"/>
                <TextEquiv>
                    <Unicode>Dient vns, dann vns gott nitt wil zwingen, zu</Unicode>
                </TextEquiv>
            </TextLine>
            <TextLine id="tr_1_tl_24" custom="readingOrder {index:24;}">
                <Coords points="579,2451 1791,2474 2107,2442 2109,2381 1832,2396 1611,2345 1467,2404 1418,2370 1160,2404 886,2349 789,2413 581,2355"/>
                <Baseline points="591,2442 667,2442 743,2440 819,2439 895,2436 971,2435 1047,2433 1123,2433 1199,2438 1275,2437 1352,2436 1428,2434 1504,2434 1580,2436 1656,2436 1732,2436 1808,2432 1884,2430 1960,2428 2036,2426 2113,2418"/>
                <TextEquiv>
                    <Unicode>Duijgen, die vns nitt gaben sind, Onnders Er</Unicode>
                </TextEquiv>
            </TextLine>
            <TextLine id="tr_1_tl_25" custom="readingOrder {index:25;}">
                <Coords points="598,2589 710,2589 782,2529 901,2569 1166,2529 1329,2599 1467,2525 1713,2576 2201,2512 2201,2457 1601,2451 1533,2502 1450,2438 1359,2478 1219,2440 600,2463"/>
                <Baseline points="609,2531 688,2534 768,2528 848,2525 928,2522 1008,2521 1088,2519 1167,2522 1247,2525 1327,2525 1407,2525 1487,2522 1567,2524 1647,2525 1726,2524 1806,2522 1886,2519 1966,2516 2046,2512 2126,2506 2206,2504"/>
                <TextEquiv>
                    <Unicode>Zoigt allwag em vsgang, durch den wir tragen mo¬</Unicode>
                </TextEquiv>
            </TextLine>
            <TextLine id="tr_1_tl_26" custom="readingOrder {index:26;}">
                <Coords points="589,2627 1726,2656 2290,2616 2292,2508 1976,2578 1478,2531 1355,2597 1151,2542 973,2591 793,2529 589,2586"/>
                <Baseline points="600,2612 684,2615 769,2615 854,2615 939,2612 1023,2610 1108,2611 1193,2610 1278,2612 1362,2612 1447,2612 1532,2612 1617,2612 1701,2615 1786,2615 1871,2607 1956,2603 2040,2599 2125,2593 2210,2584 2295,2576"/>
                <TextEquiv>
                    <Unicode>gen, darumb het Erde te gaben, Das niemand</Unicode>
                </TextEquiv>
            </TextLine>
            <TextLine id="tr_1_tl_27" custom="readingOrder {index:27;}">
                <Coords points="579,2737 2194,2735 2194,2633 1730,2665 1656,2620 1501,2667 1423,2622 1234,2663 1049,2616 901,2678 579,2635"/>
                <Baseline points="591,2698 671,2698 751,2698 832,2698 912,2698 993,2698 1073,2701 1154,2703 1234,2704 1315,2706 1395,2707 1475,2707 1556,2707 1636,2707 1717,2705 1797,2704 1878,2704 1958,2702 2039,2700 2119,2694 2200,2689"/>
                <TextEquiv>
                    <Unicode>In der brunst, zu vil versucht werde, das ƒ uier zich</Unicode>
                </TextEquiv>
            </TextLine>
            <TextLine id="tr_1_tl_28" custom="readingOrder {index:28;}">
                <Coords points="558,2832 865,2790 1317,2841 1378,2805 2128,2817 2128,2728 1785,2764 1520,2716 1096,2748 1047,2705 965,2762 901,2726 558,2769"/>
                <Baseline points="570,2809 648,2801 726,2795 804,2792 882,2788 961,2789 1039,2789 1117,2790 1195,2788 1273,2793 1352,2797 1430,2797 1508,2794 1586,2794 1664,2797 1743,2797 1821,2794 1899,2794 1977,2791 2055,2791 2134,2794"/>
                <TextEquiv>
                    <Unicode>Salbs vor Erindren solle, lassen wir nach, In dem</Unicode>
                </TextEquiv>
            </TextLine>
            <TextLine id="tr_1_tl_29" custom="readingOrder {index:29;}">
                <Coords points="583,2926 1088,2945 1480,2890 1830,2902 1919,2947 2150,2890 2150,2817 2063,2796 1999,2841 1878,2792 1721,2864 1524,2803 1418,2841 1147,2841 1081,2794 969,2841 827,2792 583,2830"/>
                <Baseline points="594,2889 672,2887 750,2883 828,2881 906,2878 984,2878 1062,2875 1140,2875 1218,2878 1296,2883 1374,2883 1452,2887 1530,2887 1608,2887 1686,2888 1764,2887 1842,2884 1920,2881 1998,2881 2076,2881 2155,2878"/>
                <TextEquiv>
                    <Unicode>gesthaft des Ruangelij, vnd In allen anfachenden</Unicode>
                </TextEquiv>
            </TextLine>
            <TextLine id="tr_1_tl_30" custom="readingOrder {index:30;}">
                <Coords points="1834,3432 1849,3432 1859,3439 1874,3434 1880,3441 1889,3443 1900,3439 1908,3443 1927,3441 1929,3369 1910,3367 1893,3381 1836,3379"/>
                <Baseline points="1845,3430 1873,3428 1902,3427 1931,3427"/>
                <TextEquiv>
                    <Unicode>Monsieur</Unicode>
                </TextEquiv>
            </TextLine>
            <TextLine id="tr_1_tl_31" custom="readingOrder {index:31;}">
                <Coords points="1450,3439 1471,3437 1476,3432 1488,3441 1497,3441 1501,3437 1509,3441 1520,3437 1535,3439 1535,3390 1518,3392 1514,3388 1478,3394 1469,3390 1450,3392"/>
                <Baseline points="1462,3430 1488,3430 1514,3430 1540,3430"/>
                <TextEquiv>
                    <Unicode>dans le</Unicode>
                </TextEquiv>
            </TextLine>
        </TextRegion>
    </Page>
</PcGts>
