2479 3508
27 1909 144 1988 om bly re
35 2092 154 2196 Sa Crasset
872 104 1552 318 Die vierd sthlußre
1760 183 2099 349 183
557 227 2074 460 Ist so vill Das er bewaren sollt, Das bewert er
587 385 1527 537 mit dem, Das Im Span stat
1706 441 2120 532 Alls do einer
593 487 2157 649 spricht worumb hastu den götzen vss der
580 587 2124 730 kilchen than vnnd er geb kein amider antwort
568 657 2188 820 Den Darumb Das ichs than han zu Dem andern
576 759 2188 924 ort, actorum in cap. Das er redt er habs vmb glich
587 861 2221 1007 nus willen harjn zogen zu einer Inleitung beringen
568 963 872 1100 wir vns
1167 959 2207 1096 wir vernorderten aber Dozem alle
584 1061 2199 1225 nit inleitungen sonder hile wort, Der ystchrifft
587 1163 2155 1306 Darnsz wir erlernen mochten das die wortt
591 1263 2124 1437 solltend verstanden werden Inn Dem brot ist
1275 1292 2207 1510 Das weig van Der hand
574 1383 1077 1531 min lichnam
580 1448 2151 1635 Im hendschuch lass ich staen gedecken so habenn
587 1570 2101 1739 sy sich hetzund begeben, erstlichen Das Das
562 1674 2207 1857 wel Grott, int wesenlich lijblich, sie Der lichnam
568 1783 2134 1953 Christi Demnach so haben sy mit Irem
582 1882 2147 2059 eignen minu geredt, Die wert sollind aelse ver¬
601 1980 2151 2149 standen werden In oder vnder dem brotck Ist
582 2078 2120 2238 Der lichnam Christi vnnd redent jetz zum
541 2178 2126 2355 Dritten sy wellie sich Inn den kampff niet
1036 2273 2120 2432 wie der lichnam Christi In
582 2305 861 2459 lassem
1627 2421 1714 2533 ƒ
1789 2369 2178 2529 Wie stand
576 2363 1583 2542 oder vnder dem Brot sie
570 2488 2149 2660 hafft vnnd grundtlich das sig vsz. grunnen der
574 2569 2207 2762 sij schrifft, geredt, Empfilch ich allein hörenden
560 2685 2217 2860 pinde lesenden, Iets kunn ich wider vff Drie
576 2787 2248 2970 ban der worten pank ao Chornichies ja Capi¬
