2479 3508
1845 159 1977 234 203
950 129 1643 292 Die vierde schlußrede
526 188 2104 403 Is ist, wijssende Das man die relatina
543 353 2158 503 das ist die wideraffrig wortly, vff das vor
576 424 2154 595 gends richten soll, darumb Das wortly daruss
472 526 2146 693 Wer ein vnuerstentich wort, wo es int giene
582 603 2171 762 vff das vordrig wortt Memlich den kelch
597 714 2202 868 Dann es statt int er hatt genomen Das blut
603 777 2179 954 Ist woll wussende, Das win Im Kelch gewesen,
570 887 2242 1048 grund ist mitt daran gelegen, Das der Enan¬
582 979 2215 1154 gelijt schon een keech genempt man redtt uit
595 1069 2215 1223 trinck een kelck, oder trinck den becher, somder
603 1165 2206 1342 trinckend vsz. Dem Kelch, ist gut zeverstan per
591 1255 2221 1426 mechdochen, van man ouch van kebck schon
328 1311 461 1499 00
591 1346 2209 1532 redt, Das man darmit mag verstan Das
576 1438 2217 1609 dadurch verstanden wirtt, wie paulus sagt,
576 1541 2223 1712 Der kelck ist Das nuw thestament. Darumb
1747 1645 2188 1787 vinne das er
591 1651 1355 1795 sin wort mit tringend
603 1735 2225 1900 Sagt, was hatt er annders Inen gebenn, Dann
607 1841 2242 1989 Das die wort Darbringent, Item petit principum
582 1910 2263 2098 bigertt ebenn mitt dem Zebewaren Das Im Span stett
626 2023 2173 2186 dan wir besen Im nitt das die wort des
568 2125 2236 2280 Inhaltts vnd sinus sienne wie er daruon niett
660 2223 1227 2336 x viii tag en annes
299 2184 620 2392 Vff dunx
1081 2240 1728 2392 pfarrer v. s. g.
651 2325 2198 2532 off Dij erklärung des kelchs durch mich
562 2465 2215 2630 pechan Darjn ick min her Doctor Derglichen
570 2547 2219 2722 zu erklaring sines verstands gefragt hab vnnd
562 2647 2184 2812 mir geantwurt wie gun den actis verfassett
597 2739 2186 2929 So mir getzmall mangler vff sine Ingefurte
