2479 3508
181 2348 282 2489 36
992 110 1636 301 Die erst Schlusred
1952 152 2070 324 54
556 289 2145 467 vrund was Inen mit der Zijt daruss, nachteill
594 436 2149 554 vnnd schad erwachssen mog. Wellend sich int
1304 505 1451 565 scharpf
573 505 2244 658 lassen, ein behembe, scharff listig, gestewen bewegen
569 588 2120 743 Dann Je mit gnug ist, wie marti bucer zu
586 693 2126 845 lest angoicht hat. Das wellicher allein glaubt
575 760 2176 941 Das Christus vnnser her vns salig gemacht, vnd
588 862 2157 1030 erloßt hatt, Ob er glick Inn anderm Jur pienst
563 965 2124 1142 Das derselbigen salp wurde Dann int gnug ist
575 1046 2166 1223 Das Da einer einpuncten, oder eine artigkell des
577 1146 2072 1325 glaubens stat vnnd glauben heb, somnders Ist
588 1256 2091 1418 von noeten Das er die mindern onch glaubt
571 1356 2116 1497 biss er von gantzer, Christenlicher Kilchen glaubt
588 1447 2170 1603 Dann Ceellicher Jun einem sinck, Dem herren
583 1528 2114 1682 mit gleuben geb. Der cracht, den hern int In
577 1630 2220 1790 allen stucken warhafft, Es werend ouch vill zertrennen,
579 1723 2107 1889 vnnd ketzer der Christenlichen einigkeit, Die
577 1819 2143 1975 Noch nach vrtheill der wider partche verdampt
583 1914 2114 2070 sind, die doch saligen waren worden, dan sy
565 2004 2151 2163 noch disen artigkell, glaubt haben. Ich will aber
565 2105 2224 2267 harinne int sagen, Das da ein gegklicher fromer
556 2195 2107 2325 Christ, ouch keiner wie hochgelert er sie schuldig
561 2313 2193 2427 vnnd pflichtig sey, alle arrepkell vnd alle stuck schafft
567 2386 2174 2508 zu vnd alle gschrifft Ze verstan vnnd zeglauben, vf¬
565 2475 2205 2612 trucklich, Es ist aber gnug den einfalligen Das
559 2568 2147 2716 Der glaubt mit gemeiner Christenlicher kiechenn
577 2668 2147 2842 Dero der heid her zugsert het smen geist biss zu
571 2778 1262 2932 enne der wolldt
