2479 3508
21 532 119 626 heim,
18 618 105 705 wee
27 729 131 805 Conclusi
166 497 575 651 zijn toritfern
1834 226 1962 345 19
799 142 1656 362 Die erst schlus ree
571 351 1978 514 Darumb Das er mer gearbeitet hat In Der
631 468 2017 627 ersten Epistell am /17o capittell, zum Dritten
627 577 2038 721 macht leren em zu emn houpt, So volgt Das
633 668 2058 820 Petrus allein, ein houpt, sie, Isin, da er gelert
626 762 896 900 hart/
947 762 2077 916 vnnd die annder apostell, ouch allein
612 854 2105 980 Da sy gelert hettine, Zum vierden Diewel
1781 941 1898 1004 magt
612 933 2056 1111 weer der Baptiste, noch kein monsten, en land
1467 1043 1623 1099 wellt
637 1045 2101 1198 noch minder die pantje wille leren, so volgt
608 1130 2173 1292 Das einer int mag ein houpt sin  Zum funff¬
645 1226 2077 1393 gen, so percus zu Rhom gelert, wie er doch
639 1319 2128 1452 allein kin hirt vnnd diener derselben kilchen
651 1397 2153 1586 so er ein Existell zusthrib, zu vnnste vnderweysung
616 1508 2136 1682 wurd er ouch vnnser diener sin, Dem¬
622 1608 2142 1762 nach, hat buur pruysam angouft, Das das
637 1709 2070 1871 hroupt der klechen, vlliche ding gebe, die
1456 1783 2124 1929 Als lebendig from
643 1806 1432 1939 kemer Creatrix moglich
649 1898 2101 2060 precht vnnd salig machten vnne deselen er¬
643 1992 2116 2144 muvern, alles paulus zijn Ephessen am, v cap:
626 2081 2146 2239 klur anzogt, Christum Das heupt der kirchen
633 2163 778 2288 sin
1008 2173 2138 2323 Darumb Das er Der Heilland sins
627 2264 2155 2442 lijbs ist versin, vnne so das houpt hinweg
639 2389 2122 2520 genomen wirtt so wirt ouch alles leben vnd
1783 2477 2099 2600 vnnd allso
627 2459 1625 2613 wurcken des lijbs still stont
639 2549 2167 2722 vermag das kein fleißen, kein sterbliche exeatur
643 2652 2126 2835 ein houpt der kirchen. vnnd das hatt der
