2479 3508
639 275 2305 439 In vermogen Ist; beschulden, vnd verdienen, Dem:
645 404 2319 526 nach Oils dann ein grosse mange volcks, hie ersthi¬
647 495 2230 632 nen 1 Ea Iemand vilicht etwas vnzucht begegnet
653 574 2271 703 ware, dese doch min gnedigen herren, de hem wussen
643 666 2315 799 tragen, vnd Insunders leid ware, Witten Si menck:
653 774 2267 896 lichen, welle Colichs freu gnaden, nitt verargenn,
659 855 2226 988 dann so witt es In frem wussen ware, wurden Oi
657 932 2292 1073 Solichs nitt ungestraft lissen, hiemitt sol Solich
672 1011 2315 1177 vioer erlich gegenwustikeit, disputieren, met wusten,
666 1123 2251 1267 predijen, vnd bijwesen, Oeß ein lobliche Statt Berni,
678 1221 2271 1381 vff das hochst gefrouwt, memor mer, zu guttem ver¬
678 1312 2242 1468 gassen worden, Bevelchen aller mencklich, der
643 1387 2255 1572 gnad und dem friden gottes, verstand es alles bis
666 1468 2294 1668 weder Ich hem fuger reduer, habe mogen darthun,
822 1608 2342 1826 Dijs. goscheproch, boslossen, vnne volvient
718 1745 2296 1920 Sowag xxvi. January M.D. XXVIII
624 2257 2153 2442 Arommen Christenlichen laste vnne zuchoren
674 2365 2263 2502 weelene vmb gottes eer vne vivers, ouch vivers nechsten
647 2500 2182 2604 frommen willen, den handell diss gesprechs mit schri¬
659 2554 2257 2667 Aenlichen gemuten, erwägen vnnd grundtlichen ermessen
643 2650 2186 2744 Uns allen zorn vnne aus antastung Jemands Ehren
639 2721 2201 2839 Inne darbij Warnemen wedere parthij eis xsthrifft
659 2775 2194 2920 zum fruwlichosten harfurbracht, Onck dem heisst
659 2870 2180 3028 yottes aller geichformipost, die vsgeleent vnnd ex klart
