2479 3508
0 737 117 964 be
16 951 119 1077 selven
22 1438 103 1567 cheu
22 1670 117 1773 encilia
34 1897 117 2003 lieben
20 2218 103 2322 Papre
1987 211 2088 319 63
1007 153 1567 387 Die erst schlusred
569 362 2018 555 gemein kilch haletet, alls getoufften wo is
566 508 2077 614 min Je ein conciliu gehalten worden etc.
593 591 2092 760 assen su et auctoritats, vsss. gehae vnnd be¬
596 679 2142 809 nelch Oder gewallt, wie er dan dee
611 784 2153 955 seees aut toritas verthusthen will, aller ge¬
602 890 2137 1050 toufften gehabtten worden, was habend de
602 982 2160 1175 In India, gehael oder gewaelt, dem Concilio
593 1095 2137 1265 zu Constantz gegeven, Da frilich uit vill
629 1189 2090 1355 sind die da wijssend, ob Costantz ein
614 1295 2074 1461 stat, oder ein thier sye, Dorinck fromen
600 1391 2196 1578 Christen zur schrifft, zur gschriftt, die mache
616 1501 2133 1679 wijs, spricht paulus vnnd zur saligkeit
566 1571 2227 1762 vnd leret alles guts zum thimotheo am lesten
355 1731 2158 1859 2a t prst. ijcap: vnnd den verstand, aber der ystchrifft
605 1789 2126 1958 Innussend alle kinder goetes, klug vnd einfacetig
548 1899 2189 2072 den vatter pitten, der sinen guten geist nie¬
605 1980 2113 2151 mand der In dorumb pitter versagen kan
557 2101 2212 2277 Damit ist verantwort des promundels frag
566 2203 2176 2376 worden einfieenen rechten verstand suchen soll
769 2310 2196 2472 Doch die gelerten In vllen Dingen, mijs¬
593 2423 2126 2589 halb sind, wer doch wie gesagt, well ich
593 2513 2135 2704 Kinder yottes sind, nimmermen In houpstucken
596 2630 1133 2803 Des glaubens
1160 2627 2176 2800 Nun zum lesten Das
602 2735 2185 2913 wort ergachei am xviij Cap: betreffend, da
