2479 3508
1267 261 1677 446 Ovingli
864 402 2278 635 Van Cveijst wollesst Dom ouwe Christi
790 563 2243 742 Der vatter ist min grösserer oder grösser
794 658 1236 801 weder, ich
1543 694 2283 834 woll wie gott om hem
790 773 1162 948 Christi ist
1188 763 2291 929 Dan wie der vatter ein meis
780 879 2243 1043 Christi allein des monschen Christi Hals
794 1019 1383 1158 genempt Wirtt
1745 998 2251 1139 Also wirt er
786 1082 2274 1278 onch allem der monstheit hals, sin houpt ge¬
799 1209 2260 1383 nempt, Nisi Vellt hic mancere, priori¬
780 1331 2266 1495 tarin Originis de qua apud theologos. Das
784 1434 2241 1570 aber hiehar int Dienet, Darzu Dijenent
799 1526 2268 1690 Die wortt, Die ick zum ersten zum thi¬
792 1644 2255 1833 motheo 1 Epist: vj cap: erst hab anzogen,
792 1745 2272 1940 Das Christus allem Der heilig allein der
799 1869 2272 2058 gewaelns oder fust (fur wellches wir hie/
786 1988 2243 2167 Das wortt houpt bruchen genempt wirtt
1373 2115 1761 2293 Daniel
847 2220 2293 2491 Nun alle ding vnderwegen glau So danck
816 2423 2285 2596 mich Ich hem verstanden vnss. seggen vooren
824 2522 2276 2693 Meister Vlrichs zwinglis Das die fursten
778 2598 2310 2821 werden gehallten fur heupter vnnd damit
805 2745 1217 2892 abgestanden.
1364 2772 1654 2905 wilg
1246 2787 2268 3050 der Jorg Murer pfarrer
1251 2960 1860 3126 zu Rapffersz wijl
