2479 3508
25 628 118 763 FJ
25 1065 172 1310 s'en le gind
19 1289 170 1393 Ex mitt, d
27 1368 174 1474 Oas Sine W
44 1447 168 1565 Ist our
25 1532 170 1666 ende histori-
23 1631 170 1749 musen,
29 1728 170 1818 or man
15 1801 155 1925 exckend
19 1880 174 2002 ons summe
56 2041 172 2184 Der
21 2168 141 2296 la nijt
27 2257 174 2359 te vnuerlich
29 2340 174 2456 han hitte
29 2435 166 2557 I'm goet
31 2533 160 2665 knecht
29 2605 184 2740 2 gulden
29 2723 135 2825 sulle
37 2817 147 2926 In vns
352 2572 499 2725 Aa
1988 211 2147 361 139
949 205 1598 383 Die dritt Schluskreden
584 323 2079 489 Carumb findt es sich, wie vant Augustin recht
595 441 2050 578 gesthriben hat, das gott sin eigne werck In vns
597 531 860 636 belonet
978 591 1633 763 Johannes bijchstab.
533 752 2168 922 De gein frombde glos min. Ich an, Ich behilff mich
597 854 2151 997 der Schrift, durch mich vorhar angezogen, vnd die
601 947 2207 1098 Ich Ien harin wird furen, Exodi. j.o tat gesthri:
589 1028 2195 1165 ben, das gott het ingesachen den verdienst der He:
595 1109 2157 1243 breusthen hebamende, die die kinder, nach dem gebott
591 1200 2108 1337 Jharionis, nitt wolten vmbbringen, Spricht der
576 1273 2137 1420 Eext daselbs, das gott den Hebamen, vmb Colicher
580 1364 2145 1513 gut tat willen, het hüser gebuwen, Danielis iiii
2141 1351 2247 1509 i
601 1445 2085 1600 hat Er gesprochen zu dem kunig, Entledig din
587 1519 2141 1699 bijnde mitt dem Allmusen, Opricht der Prophet
587 1608 2257 1768 Oauid, am. i.r vndr. xviii. versalmen, Ich hab geneigt
576 1679 2189 1851 min hert, zutun die gerichtigkeit, vmb der wider¬
576 1764 2172 1923 geltnus willen, durch dese drij Opruch, vnd vor¬
584 1861 2197 2027 angezognen, Ist gnugsam bij kracht, das die guten
587 1965 1648 2106 werck vordienstlich sij en 1
916 2110 1540 2265 Martinus buyer
1341 2236 1436 2323 22g
632 2238 2116 2417 Oft das opt fpodi, wie wol Es nitt wider vns
560 2369 2170 2520 Ist, dann gruijg gesagt Ist, wie vnsere werck von
564 2450 2176 2564 gott belouet werden, doch Jo wil der hebreisten buch¬
589 2557 2168 2642 stab, daselbende ouch die meinung gaben, Es hat Sich
580 2638 2172 2758 begaben, dus die hebamende gott geforcht haben, das
555 2709 2081 2852 Inen, verstand den kinden ffrael, huser gemacht
582 2792 2166 2935 worden sind, das Ist, fro geschlacht gemeret, dann
