2479 3508
396 1925 489 2019 29
306 2728 775 2872 mitt der kilchen
1630 192 1783 304 -
846 385 2219 545 Die warmung der kirchen, so gutig vnnd
863 499 1541 631 barmhertzigk, ist pott,
1571 504 2303 650 Vnnd so der vnusp
874 594 2293 745 schampt, sich der lasteren, int wagret, dan
880 680 2280 837 soll er erst gehabeten werden, alls ein heid
861 768 2269 939 vnnd publican Daran man sicht Das
833 878 2243 1020 niemand bannen soll noch mag. Dann
840 958 2278 1109 die ganntz Kilchhorn oder pfarx sampt den
1808 1066 2293 1182 vff Das alles
865 1057 1580 1214 pfarrer oder bischoff
844 1135 2269 1333 Ist vns int annderst Zegedencken, weder
840 1257 2299 1423 Das paulus den ban disem Insatz gebraucht
852 1358 2241 1496 haben Ilsz wir eigentlich sergent
1804 1460 2263 1587 Da er allso
846 1445 1595 1614 ad. Clornichios v cap:
2189 1565 2275 1612 om
846 1552 2222 1714 spricht, so Ir zusamen komend, ouch
850 1656 2275 1797 dert (das ist min sinn) nun impirung
818 1748 2247 1894 stonden vrtheill. Das ick Inn der er¬
840 1843 2220 1972 luchting des potlichen geistes, allß vover
818 1922 2278 2092 kilchenn postell spricht) so gebenne mit
814 2015 2232 2178 der krafft vunsers hern Jesu Christi
809 2120 2235 2278 den der Jun solches laster vff Im hatt
822 2204 2290 2374 Dem Jhuffell zu verderknus des flasths,
781 2308 2247 2471 damit die Seel gefristet werde, an Dem
831 2394 2239 2549 tag des hern Jesu, hie horend wir
835 2510 1165 2639 eifentwintich
1414 2512 2226 2667 Das paulus int allein
827 2596 2329 2773 verbanner hat, somders die kilcq vnnd er
810 2700 2206 2878 ser / Ich will onch vien hie anzorgenn/
