2479 3508
768 315 2248 506 am vi cap: Da henne Ir gschrifft de Jo
774 478 2281 650 dan vordernt, Es sprach der her Jesus zu
906 578 1027 659 eijb:
764 585 2252 762 den apostlen, Wellende Ir ouch abtretten
1241 669 1373 764 „her
784 673 2309 860 antwort petrus zu wem sollend wir gan, du
801 799 2272 951 hast Die wort des zwigen lebens vnd wir
805 879 2355 1079 verblaenben, vnnd hend erkent, Das du bijt christus
1857 1008 2344 1155 Zum
811 992 1840 1153 ein hun Des labendigen potes
801 1105 2311 1278 andern, so hennd Ir ein heittere gschrifft, Da
831 1212 2287 1398 Der her Die schlussell allen geleistet, hett
825 1334 1459 1478 Johannis xx cap:
1747 1328 2289 1467 Gemend den
819 1428 2297 1593 heilligen geist sij dess dem allem samen
827 1523 2289 1684 noch undt wider vnser schlußend Ingefurt
832 1630 2281 1817 ist, Dann me Inn der gschrifft funden
807 1745 2266 1900 wirt, Das etwan wenigen verheissen ist
807 1850 2326 1992 worden, vnd aber vilen geleistet, Als machen
801 1953 2254 2112 nu capn: Sprach der her zu perro vnd
836 2046 2248 2211 Andrea volgend mir nach Ich wird vsz.
796 2151 2299 2313 vijff machen, visther der monstgen/ Mun¬
786 2243 2350 2427 werden, durch den prophorn Jhere: xvi cq
811 2359 2289 2540 Oll Opostell vischer penempt, Darumb
811 2478 2254 2626 Das sy mit dem notz des wort gows
832 2573 2318 2744 Die monstgen vachten sollten, vnd Oosthalb
867 2678 2254 2855 der gewallt, der Mathei iiij cap: von
831 2770 2281 2976 zweijen geredt wint, allen beuelchen ist
