<?xml version="1.0" encoding="UTF-8" standalone="yes"?>
<PcGts xmlns="http://schema.primaresearch.org/PAGE/gts/pagecontent/2013-07-15">
    <Metadata>
        <Creator>prov=READ-COOP:name=TrHtr:version=2.41.0:model_id=51170:date=09_03_2026_17:23</Creator>
        <Created>2026-01-27T10:33:57.345+01:00</Created>
        <LastChange>2026-03-09T17:23:46.581+01:00</LastChange>
        <TranskribusMetadata docId="13922579" pageId="112790075" pageNr="221" status="IN_PROGRESS" userId="537" imgUrl="https://files.transkribus.eu/Get?fileType=view&amp;id=ASBAKWODYFMPYTOIVEZEMSDJ" imageId="95349176"/>
    </Metadata>
    <Page imageFilename="112790075.jpg" imageWidth="2479" imageHeight="3508">
        <TextRegion orientation="0.0" id="tr_1">
            <Coords points="361,813 361,966 468,966 468,813"/>
            <TextLine id="tr_1_tl_1" custom="readingOrder {index:1;}">
                <Coords points="350,925 377,927 391,939 417,927 430,939 462,949 467,831 446,835 432,821 424,825 413,818 393,837 374,831 368,837 354,835"/>
                <Baseline points="361,916 387,916 414,916 441,915 468,913"/>
                <TextEquiv>
                    <Unicode>36</Unicode>
                </TextEquiv>
            </TextLine>
        </TextRegion>
        <TextRegion orientation="0.0" id="tr_2">
            <Coords points="665,394 665,2966 2337,2966 2337,394"/>
            <TextLine id="tr_2_tl_1" custom="readingOrder {index:1;}">
                <Coords points="786,481 1348,444 1396,483 1449,438 2320,462 2320,309 2114,405 1721,348 1467,403 1377,313 1205,286 1111,379 1037,342 882,379 786,307"/>
                <Baseline points="797,453 873,447 949,447 1026,444 1102,447 1179,444 1255,441 1331,438 1408,438 1484,436 1561,438 1637,440 1713,438 1790,437 1866,435 1943,437 2019,438 2095,438 2172,441 2248,448 2325,453"/>
                <TextEquiv>
                    <Unicode>Ickijssell gelaßet, mit denen worten Da</Unicode>
                </TextEquiv>
            </TextLine>
            <TextLine id="tr_2_tl_2" custom="readingOrder {index:2;}">
                <Coords points="767,563 1052,593 1365,534 1629,593 1811,544 1887,602 1973,540 2316,565 2282,483 1964,493 1883,448 1453,505 1351,442 1154,516 929,458 767,516"/>
                <Baseline points="779,558 856,551 933,549 1010,549 1087,549 1164,546 1241,543 1319,538 1396,534 1473,531 1550,531 1627,531 1704,531 1781,531 1859,529 1936,528 2013,531 2090,531 2167,531 2244,532 2322,543"/>
                <TextEquiv>
                    <Unicode>Der spricht werd nunc schefflij mag int be¬</Unicode>
                </TextEquiv>
            </TextLine>
            <TextLine id="tr_2_tl_3" custom="readingOrder {index:3;}">
                <Coords points="784,720 845,675 964,722 1164,657 1301,710 1377,671 1434,726 1565,643 2003,632 2212,685 2308,647 2308,583 2245,550 2192,602 1885,602 1811,544 1623,595 1512,552 1369,593 1197,546 1050,593 786,577"/>
                <Baseline points="797,650 872,645 948,642 1024,647 1100,647 1176,644 1251,641 1327,638 1403,639 1479,641 1555,641 1630,639 1706,638 1782,635 1858,635 1934,635 2009,632 2085,632 2161,635 2237,633 2313,635"/>
                <TextEquiv>
                    <Unicode>stan Dan scheffly weiden ein hirt sin</Unicode>
                </TextEquiv>
            </TextLine>
            <TextLine id="tr_2_tl_4" custom="readingOrder {index:4;}">
                <Coords points="765,802 1052,745 1207,829 1287,753 1557,753 1614,800 1684,739 1909,788 2093,741 2142,790 2202,739 2329,800 2329,677 1805,638 1619,708 1334,685 1252,728 1091,675 765,720"/>
                <Baseline points="776,749 853,749 931,746 1009,745 1087,743 1164,743 1242,745 1320,744 1398,743 1475,740 1553,740 1631,739 1709,737 1786,735 1864,734 1942,735 2020,734 2097,737 2175,737 2253,738 2331,740"/>
                <TextEquiv>
                    <Unicode>gepunt allen predigern Dan Christus het</Unicode>
                </TextEquiv>
            </TextLine>
            <TextLine id="tr_2_tl_5" custom="readingOrder {index:5;}">
                <Coords points="741,857 857,909 1248,847 1348,921 1441,853 1893,841 2056,904 2138,843 2290,855 2292,776 2194,741 2142,790 2089,741 1948,806 1709,751 1551,812 1293,763 1211,833 845,763 741,825"/>
                <Baseline points="752,853 829,852 906,850 983,847 1060,844 1137,847 1214,847 1292,847 1369,846 1446,844 1523,842 1600,841 1677,837 1754,832 1832,832 1909,832 1986,835 2063,835 2140,832 2217,832 2295,835"/>
                <TextEquiv>
                    <Unicode>hirten/ vnnd mit allem ein thicten sonders</Unicode>
                </TextEquiv>
            </TextLine>
            <TextLine id="tr_2_tl_6" custom="readingOrder {index:6;}">
                <Coords points="755,986 939,949 1189,1017 1418,956 1510,1027 1727,956 1921,999 1964,960 2261,954 2179,853 1954,929 1756,911 1670,843 1584,890 1467,857 1383,931 1209,915 1132,853 1072,904 755,904"/>
                <Baseline points="767,949 845,952 924,949 1003,952 1082,952 1161,952 1240,955 1319,952 1398,954 1477,955 1555,955 1634,949 1713,947 1792,945 1871,944 1950,949 2029,949 2108,946 2187,946 2266,943"/>
                <TextEquiv>
                    <Unicode>will meestgen zijn Exchessen mij cap: In</Unicode>
                </TextEquiv>
            </TextLine>
            <TextLine id="tr_2_tl_7" custom="readingOrder {index:7;}">
                <Coords points="653,1064 735,1113 900,1066 970,1109 1531,1080 1600,1140 1840,1064 2032,1134 2298,1068 2298,992 2243,964 2159,1025 2059,970 1997,1031 1670,970 1512,1027 1406,968 1123,1033 1017,958 890,1031 798,964 653,1009"/>
                <Baseline points="665,1050 746,1061 828,1064 910,1065 992,1067 1074,1065 1155,1065 1237,1065 1319,1063 1401,1064 1483,1063 1564,1065 1646,1065 1728,1063 1810,1064 1892,1065 1973,1065 2055,1062 2137,1059 2219,1062 2301,1056"/>
                <TextEquiv>
                    <Unicode>Der geschichten der apostlen, ex cap. In</Unicode>
                </TextEquiv>
            </TextLine>
            <TextLine id="tr_2_tl_8" custom="readingOrder {index:8;}">
                <Coords points="743,1226 921,1170 1023,1228 1074,1181 1267,1220 1340,1183 1430,1246 1612,1168 1903,1173 2003,1224 2136,1166 2306,1195 2306,1080 2091,1085 2034,1134 1827,1091 1412,1125 1283,1062 1113,1140 1023,1085 925,1148 843,1085 743,1105"/>
                <Baseline points="755,1170 832,1177 910,1172 988,1170 1066,1170 1143,1170 1221,1167 1299,1164 1377,1164 1454,1167 1532,1167 1610,1167 1688,1167 1765,1167 1843,1168 1921,1170 1999,1165 2076,1166 2154,1168 2232,1167 2310,1173"/>
                <TextEquiv>
                    <Unicode>Der ersten epysell perri am v cap: Do¬</Unicode>
                </TextEquiv>
            </TextLine>
            <TextLine id="tr_2_tl_9" custom="readingOrder {index:9;}">
                <Coords points="773,1283 1195,1277 1412,1336 1520,1281 1674,1328 1909,1277 1983,1338 2128,1275 2218,1355 2296,1324 2296,1201 1907,1179 1850,1226 1537,1173 1432,1246 1381,1197 1267,1220 1166,1175 773,1244"/>
                <Baseline points="785,1280 860,1274 936,1274 1011,1274 1087,1272 1163,1271 1238,1271 1314,1271 1390,1274 1465,1277 1541,1274 1617,1271 1692,1275 1768,1274 1844,1274 1919,1271 1995,1271 2071,1269 2146,1269 2222,1271 2298,1280"/>
                <TextEquiv>
                    <Unicode>rumb hend Ir ein gschrifft wider vnnser</Unicode>
                </TextEquiv>
            </TextLine>
            <TextLine id="tr_2_tl_10" custom="readingOrder {index:10;}">
                <Coords points="784,1400 937,1441 1013,1396 1107,1457 1316,1371 1762,1463 1764,1303 1674,1328 1627,1281 1408,1336 1211,1279 1162,1312 1089,1281 866,1324 784,1285"/>
                <Baseline points="794,1388 842,1381 891,1376 939,1373 988,1373 1037,1371 1085,1370 1134,1373 1183,1373 1231,1370 1280,1370 1329,1371 1377,1377 1426,1379 1475,1378 1523,1376 1572,1374 1621,1371 1669,1365 1718,1361 1767,1367"/>
                <TextEquiv>
                    <Unicode>schlußred, so bringend sij</Unicode>
                </TextEquiv>
            </TextLine>
            <TextLine id="tr_2_tl_11" custom="readingOrder {index:11;}">
                <Coords points="1275,1606 1473,1610 1664,1547 1750,1608 1809,1553 2022,1547 2075,1602 2257,1639 2284,1490 2140,1439 1909,1488 1770,1418 1688,1500 1610,1502 1510,1418 1422,1453 1340,1389 1277,1396"/>
                <Baseline points="1289,1561 1339,1561 1389,1558 1439,1558 1489,1558 1539,1554 1589,1553 1639,1554 1689,1554 1739,1551 1789,1544 1839,1543 1889,1546 1939,1547 1989,1550 2039,1552 2089,1552 2139,1552 2189,1554 2239,1558 2289,1555"/>
                <TextEquiv>
                    <Unicode>Werster Jacob Edle¬</Unicode>
                </TextEquiv>
            </TextLine>
            <TextLine id="tr_2_tl_12" custom="readingOrder {index:12;}">
                <Coords points="1265,1700 1369,1676 1416,1711 1467,1688 1529,1702 1533,1596 1500,1592 1475,1608 1461,1600 1432,1623 1414,1610 1371,1612 1357,1598 1310,1623 1295,1608 1267,1621"/>
                <Baseline points="1277,1674 1302,1669 1328,1668 1354,1668 1379,1666 1405,1665 1431,1665 1456,1665 1482,1665 1508,1665 1534,1665"/>
                <TextEquiv>
                    <Unicode>bach</Unicode>
                </TextEquiv>
            </TextLine>
            <TextLine id="tr_2_tl_13" custom="readingOrder {index:13;}">
                <Coords points="1678,1713 1725,1743 1762,1717 1809,1717 1854,1694 1885,1711 1905,1698 2046,1705 2048,1563 2014,1588 1973,1569 1885,1641 1807,1651 1784,1651 1715,1594 1680,1594"/>
                <Baseline points="1689,1695 1714,1695 1740,1695 1766,1693 1792,1692 1818,1692 1844,1692 1870,1692 1895,1692 1921,1692 1947,1692 1973,1692 1999,1692 2025,1689 2051,1686"/>
                <TextEquiv>
                    <Unicode># zu bewären</Unicode>
                </TextEquiv>
            </TextLine>
            <TextLine id="tr_2_tl_14" custom="readingOrder {index:14;}">
                <Coords points="800,1768 892,1844 988,1780 1357,1817 1414,1780 1527,1827 1750,1793 1850,1840 2300,1805 2298,1698 2175,1745 2091,1674 1741,1750 1612,1674 1310,1739 1152,1610 800,1725"/>
                <Baseline points="812,1767 886,1770 961,1773 1035,1770 1110,1772 1185,1773 1259,1773 1334,1773 1408,1772 1483,1773 1558,1778 1632,1779 1707,1782 1781,1785 1856,1785 1931,1788 2005,1788 2080,1788 2154,1788 2229,1785 2304,1785"/>
                <TextEquiv>
                    <Unicode>Alss her Berchtold In zucht, Christum int</Unicode>
                </TextEquiv>
            </TextLine>
            <TextLine id="tr_2_tl_15" custom="readingOrder {index:15;}">
                <Coords points="767,1881 1035,1942 1130,1895 1215,1954 1285,1887 1447,1876 1764,1897 1856,1962 1913,1909 2171,1956 2257,1895 2335,1946 2333,1850 2108,1803 2001,1852 1793,1842 1739,1793 1655,1846 1320,1784 1170,1838 767,1817"/>
                <Baseline points="779,1880 856,1880 934,1877 1012,1877 1090,1877 1168,1875 1246,1874 1324,1874 1402,1874 1480,1874 1558,1877 1635,1878 1713,1883 1791,1890 1869,1892 1947,1892 2025,1895 2103,1893 2181,1891 2259,1892 2337,1898"/>
                <TextEquiv>
                    <Unicode>allem petro sonders allen die schlussell ver¬</Unicode>
                </TextEquiv>
            </TextLine>
            <TextLine id="tr_2_tl_16" custom="readingOrder {index:16;}">
                <Coords points="755,1991 958,2054 1117,1993 1545,1975 1760,2028 1831,1997 1907,2067 1977,2003 2322,2007 2322,1921 2269,1895 2155,1962 1932,1909 1862,1971 1623,1883 1269,1905 1222,1952 941,1893 755,1934"/>
                <Baseline points="767,1979 845,1982 923,1984 1001,1981 1079,1982 1157,1980 1235,1979 1313,1977 1391,1979 1469,1976 1547,1976 1625,1979 1703,1985 1781,1988 1859,1988 1937,1991 2015,1994 2093,1994 2171,1994 2249,1994 2328,1988"/>
                <TextEquiv>
                    <Unicode>heissen, haben, vnnd das Inn solcher gestalt</Unicode>
                </TextEquiv>
            </TextLine>
            <TextLine id="tr_2_tl_17" custom="readingOrder {index:17;}">
                <Coords points="743,2155 845,2095 986,2134 1199,2089 1398,2169 1527,2106 1872,2157 2138,2099 2259,2149 2296,2038 2110,2009 2032,2073 1907,2067 1827,1997 1649,2063 1445,1991 954,2056 800,1989 741,2020"/>
                <Baseline points="755,2080 832,2085 909,2086 986,2089 1063,2086 1140,2089 1217,2091 1295,2095 1372,2095 1449,2094 1526,2095 1603,2095 1680,2095 1757,2098 1835,2098 1912,2098 1989,2098 2066,2101 2143,2098 2220,2101 2298,2101"/>
                <TextEquiv>
                    <Unicode>Das petrus voorss. sollichor versach vnnd den</Unicode>
                </TextEquiv>
            </TextLine>
            <TextLine id="tr_2_tl_18" custom="readingOrder {index:18;}">
                <Coords points="765,2202 970,2259 1029,2200 1408,2249 1662,2210 1858,2259 2308,2226 2308,2167 1966,2108 1625,2175 1508,2112 1387,2175 1230,2104 864,2095 765,2173"/>
                <Baseline points="776,2191 852,2191 929,2191 1006,2191 1083,2194 1160,2196 1237,2200 1313,2203 1390,2206 1467,2208 1544,2206 1621,2209 1698,2207 1775,2209 1851,2212 1928,2214 2005,2211 2082,2212 2159,2215 2236,2212 2313,2215"/>
                <TextEquiv>
                    <Unicode>andern allen verheissen heige, Das petrus</Unicode>
                </TextEquiv>
            </TextLine>
            <TextLine id="tr_2_tl_19" custom="readingOrder {index:19;}">
                <Coords points="749,2355 976,2302 1072,2355 1138,2316 1414,2355 1469,2314 1876,2314 2024,2329 2101,2394 2173,2343 2226,2392 2255,2237 2134,2292 1950,2235 1815,2286 1733,2218 1676,2263 1183,2202 980,2261 747,2224"/>
                <Baseline points="761,2289 836,2300 911,2302 986,2304 1061,2302 1136,2302 1211,2304 1286,2303 1361,2305 1436,2307 1512,2310 1587,2310 1662,2313 1737,2312 1812,2313 1887,2316 1962,2313 2037,2312 2112,2314 2187,2316 2263,2310"/>
                <TextEquiv>
                    <Unicode>Im verJechen heige den Sim sin Des</Unicode>
                </TextEquiv>
            </TextLine>
            <TextLine id="tr_2_tl_20" custom="readingOrder {index:20;}">
                <Coords points="771,2402 1269,2464 1320,2415 1498,2408 2267,2437 2298,2388 1971,2363 1934,2398 1721,2310 1580,2363 1471,2304 1379,2365 1297,2329 1097,2376 997,2302 769,2353"/>
                <Baseline points="782,2400 858,2403 934,2406 1010,2406 1086,2406 1162,2404 1238,2404 1314,2411 1390,2412 1466,2408 1543,2409 1619,2413 1695,2415 1771,2415 1847,2415 1923,2415 1999,2415 2075,2415 2151,2417 2227,2417 2304,2418"/>
                <TextEquiv>
                    <Unicode>läbendigen gots Das die anndern mij</Unicode>
                </TextEquiv>
            </TextLine>
            <TextLine id="tr_2_tl_21" custom="readingOrder {index:21;}">
                <Coords points="759,2525 945,2560 1191,2521 1359,2574 1655,2537 1762,2601 1842,2529 2316,2552 2314,2445 2241,2421 1913,2472 1737,2431 1436,2433 1314,2490 945,2441 759,2472"/>
                <Baseline points="770,2519 847,2517 925,2517 1002,2519 1080,2519 1158,2519 1235,2521 1313,2522 1390,2522 1468,2522 1546,2523 1623,2525 1701,2525 1778,2525 1856,2525 1934,2525 2011,2527 2089,2526 2166,2527 2244,2522 2322,2519"/>
                <TextEquiv>
                    <Unicode>all glaubt huijs, will das bewaren Johans</Unicode>
                </TextEquiv>
            </TextLine>
            <TextLine id="tr_2_tl_22" custom="readingOrder {index:22;}">
                <Coords points="747,2634 902,2629 970,2687 1058,2634 1107,2627 1236,2699 1236,2584 1201,2584 1164,2552 1097,2552 1037,2589 941,2560 896,2593 843,2586 782,2548 747,2558"/>
                <Baseline points="758,2624 783,2622 808,2621 833,2621 859,2619 884,2618 909,2618 934,2618 960,2618 985,2618 1010,2618 1035,2618 1061,2618 1086,2618 1111,2618 1136,2618 1162,2618 1187,2618 1212,2619 1238,2621"/>
                <TextEquiv>
                    <Unicode>am vij tap:</Unicode>
                </TextEquiv>
            </TextLine>
            <TextLine id="tr_2_tl_23" custom="readingOrder {index:23;}">
                <Coords points="1371,2693 1764,2634 1905,2685 2009,2640 2073,2681 2114,2642 2294,2636 2292,2576 2253,2564 2112,2601 2034,2550 1874,2535 1772,2601 1594,2591 1484,2537 1369,2584"/>
                <Baseline points="1383,2626 1428,2630 1474,2627 1520,2624 1566,2627 1611,2627 1657,2630 1703,2630 1749,2630 1794,2630 1840,2633 1886,2631 1932,2632 1977,2631 2023,2636 2069,2636 2115,2636 2160,2635 2206,2633 2252,2632 2298,2627"/>
                <TextEquiv>
                    <Unicode>Da pieters In de allec</Unicode>
                </TextEquiv>
            </TextLine>
            <TextLine id="tr_2_tl_24" custom="readingOrder {index:24;}">
                <Coords points="749,2746 935,2730 1099,2822 1240,2750 1402,2797 1533,2738 1596,2797 1651,2750 2237,2752 2237,2693 2124,2668 2050,2717 1854,2656 1520,2652 1469,2693 1408,2634 1293,2681 1207,2621 939,2693 749,2662"/>
                <Baseline points="761,2716 835,2716 909,2717 983,2719 1057,2719 1131,2723 1205,2730 1279,2731 1353,2738 1427,2740 1501,2737 1575,2737 1649,2737 1723,2734 1797,2734 1871,2736 1945,2739 2019,2737 2093,2737 2167,2734 2242,2728"/>
                <TextEquiv>
                    <Unicode>namen sprack Ino coven werden wir</Unicode>
                </TextEquiv>
            </TextLine>
            <TextLine id="tr_2_tl_25" custom="readingOrder {index:25;}">
                <Coords points="778,2881 896,2838 949,2887 1011,2832 1109,2879 1211,2836 1332,2877 1379,2840 2280,2844 2280,2746 1614,2799 1541,2744 1430,2797 1344,2748 1109,2820 954,2746 778,2777"/>
                <Baseline points="788,2824 862,2821 937,2824 1012,2832 1087,2835 1161,2833 1236,2837 1311,2839 1386,2839 1460,2841 1535,2838 1610,2833 1685,2831 1759,2830 1834,2830 1909,2834 1984,2835 2058,2830 2133,2825 2208,2823 2283,2821"/>
                <TextEquiv>
                    <Unicode>gan, En best die wort des lebens</Unicode>
                </TextEquiv>
            </TextLine>
            <TextLine id="tr_2_tl_26" custom="readingOrder {index:26;}">
                <Coords points="798,2977 937,2934 1132,2985 1705,2938 1926,3020 2175,2922 2294,2949 2296,2844 2153,2883 2005,2850 1711,2891 1647,2857 1598,2895 1379,2855 1293,2895 1183,2857 800,2881"/>
                <Baseline points="809,2940 883,2930 957,2928 1032,2931 1106,2931 1181,2931 1255,2934 1330,2934 1404,2937 1479,2935 1553,2931 1627,2934 1702,2929 1776,2927 1851,2928 1925,2926 2000,2925 2074,2922 2149,2920 2223,2919 2298,2916"/>
                <TextEquiv>
                    <Unicode>Welches ort Johannes am vi int meer</Unicode>
                </TextEquiv>
            </TextLine>
        </TextRegion>
    </Page>
</PcGts>
