2479 3508
21 840 120 1018 omme
147 840 422 993 II,7 VY
277 2429 366 2507 7
310 2516 478 2654 1786
2034 157 2230 248 248
902 203 1678 372 Die funfte Thluszredi
912 352 1543 509 Martinus burger
561 505 2172 683 So der herr Opricht, Thund mir das zu gedachtnis,
571 612 2197 761 Ist hill, das thun nitt opfern heist, wirdt ouch durch
556 687 2222 859 Daulum. 1e. Cornithiorum xi.o ca. gnugsam erklart
561 776 2092 904 Da Er Opricht, Oost Ir von dem brot essen is
565 871 2129 1024 Vnd wiewol Assi bij der Schrift, etwan für op¬
544 941 2156 1105 fern genomen wirdt, So dat doch darbij, was man
577 1028 2160 1171 opfere, als ein Schaf, oder derglichen, Hie Ist aber
569 1111 2112 1266 hätt, das thun essen heist, Der zusatz hebb. Ist
579 1198 2131 1359 vor gesagt, das Ei mitt hiller Ithrift vmbgestossen
579 1289 2060 1440 sind, lut hern Bertholden declaration, vber dise
592 1398 1156 1554 Schlussredi
921 1469 1612 1632 Johannes buchstab,
645 1622 2123 1810 Diewil fr zulissen, das facere ouch etwan heist
577 1771 1866 1932 opferen, wirdt vns hie ouch zijgelassen
974 1899 1609 2060 Martinus buijer
505 2025 2145 2245 Das Ist das für ein consequenz, facere heisst etwan
561 2183 2174 2325 an einem Ort, vonwegen eius zugesagten wortbis,
567 2284 2116 2429 opfern, darumb musses hie ouch opfern heissenn,
567 2344 2203 2530 Da wer doch de klarlich das widerspil vsigetruckt ist,
956 2456 1607 2646 Johannes buchstab
606 2658 2116 2853 off drie gegenwurff vss. Paulo zu den tebreern
552 2787 2067 2944 Andtwurt Ich kurzlich also, Paulus hat den
