2479 3508
756 279 2226 448 Ses mit allein, gemeint hab, Den welltachen
1124 424 2273 577 Bezug ick vss. den vorgenden
765 457 1033 587 9 vallt
771 519 2228 688 Worten pauli, so er spricht, ein Jeckliche
748 618 2302 792 Seel, soll gehorsam sin den hochen gewalen
822 703 2189 880 wenn min ein govallet sollt san Der
696 783 2246 994 welckch so hette paulus der ree uudt
773 934 1044 1068 Dörffen
1155 1031 1765 1254 Bexchtoldus
798 1161 2251 1420 Leben fremen Christen: Der antwort
750 1372 2240 1523 halb, reforier ick mich ad acta, vnnd vff
736 1451 2269 1635 den klaren texten paulij am gul. Jetz orden¬
1389 1556 2246 1724 Darzu so thund in der
744 1577 1230 1736 lich verlösen
756 1658 2191 1821 ende schrifft xvallt Dan paulus hie von
775 1755 1848 1932 Der welltlichen werkeit redt
1323 1901 1868 2098 Kiellen Muwer
800 2013 2189 2249 Das paulus zum Romern am xiii capi¬
810 2201 2246 2356 mit allein geredt hab van Dom Welt¬
1490 2294 2201 2464 Ist offen bar vuus
761 2329 1248 2447 lichen vervallt
727 2354 2263 2577 Doch, so bezug ichs water vss. der ii compt:
1953 2499 2244 2672 Voor
769 2515 1903 2683 zum Thorinthern am x Cap:
1314 2639 2215 2804 Wenn so ick ett was mer
773 2625 1064 2804 spricht
765 2738 2222 2916 ver sollte suchen, von vunserm gevallt, hie
