2479 3508
331 1748 779 1888 der kungensm
834 350 2213 519 so dan Niemand kan die hertzen, enndern
784 504 2332 650 Dann er vnnd gebend allso Christo die eer lat land
825 586 2205 738 sy binden, das ist erkennen gebunden. Die
821 665 2332 817 mit glonben. Dann das sind Dirkinder Wa¬
821 761 2174 877 raths Dir, die werck Brachs thime, Da¬
819 863 2194 1013 rumb so ervorderts Ich geschrifft. Das pe¬
813 965 2138 1111 tous van smem ampt em heupt mag ge¬
821 1059 1350 1194 nempt werden
1261 1196 1799 1394 Buchtvatter
2038 1305 2138 1405 4
1019 1428 2222 1626 A. Marti bucen lannen t'innen an zu
875 1567 2240 1711 beweren Das der nam eius houpts Samt
854 1659 2270 1807 peter vnnd sinen nachkomen moch geben werden
825 1744 2272 1901 Peitt zu dem spruch am ersten buch xv, cap:
819 1830 2174 1951 Den Ich han harjn gefurt von Dem kunnen
825 1907 2288 2072 Saue vnnd Inn Dem selbigen, den zeverstossen
852 2026 2265 2174 so seitt er an aller verstrafft, Das Snull dem
834 2107 2230 2278 kinne nam, ein houpt egentlichen hab zu¬
1986 2226 2251 2326 Wenn
825 2217 1938 2357 gehört, vnnd mog zugeleit werden
846 2303 2232 2461 sant pettern oder einem alle allen smen nach
825 2394 2180 2542 komen / Erzelt allein, Die vrsachen, siner
836 2486 2247 2638 vsserliches regierung vnnd sins gewalts alls
821 2588 2280 2724 wer der ovellteich gewaelt Der ouch van got
840 2682 2290 2841 ist ettwas grdssers vnd wurdigen eines solluckgen
840 2772 2267 2916 namens wen das vicariat, oder Stathallier
