2479 3508
15 497 128 596 darin
35 609 128 717 de
18 717 117 822 15 x
18 816 130 921 mit der
4 1005 108 1168 vn
20 1121 123 1238 de
26 1212 108 1337 l
35 2082 117 2188 hatt
24 2183 112 2300 die
26 2293 121 2399 shoupt
169 1506 352 1623 # Crnt.
1946 158 2089 319 98
967 154 1583 367 Die erst schlusred
510 292 2113 523 redt, begrafft vnnd betrifft ouch sin monscheit, sin
519 433 2095 602 liden, blutuergressen, vnnd sterben, vnd allso ist
567 521 2122 699 Christus int vor der klechen gewesen, wan
547 605 2175 822 da Christus Johannes, am xix cap: am Crutz
543 693 2133 908 sprach, Es ist alles verbracht, vnnd sin geist
550 827 2139 996 vffgab vnnd voorss. siner sodten wasser vnne blut
532 919 2095 1132 floss Da ist fur die alltsundig Eua, Ein
550 1007 2192 1223 reine vnuermaßpote, geistliche Eua, Das ist die
547 1128 2172 1332 lebenden Christenlich Kilch formiert, zum Ephe¬
554 1233 2124 1416 am v cap: Durch Christum vnsern hern
543 1335 2188 1522 durch sin blut uergijssen vnnd sterben, Als
552 1453 2252 1627 gens Christus anzoigt, Johannes am xvii cop:
2157 1550 2247 1704 10
576 1557 2128 1724 So Christus spricht, es sie dan sach Das
543 1660 2115 1810 das kornly des cweitzen, so es vallet In das
569 1739 2155 1911 extrich tod sye so wirt es kein frucht bringenn
1535 1858 2128 1981 Inne wan aber
530 1851 1392 2018 Das kornen ist Christus
550 1944 2137 2117 Das kernly toe ist, Go wirt es vill faucht
541 2058 2164 2230 bringen. Das ist das leben aller Christ gleuckgen
526 2168 2287 2324 Item bezug ich das In der gesthichten, der apo: ex capi
534 2276 2170 2452 Ex hat die kirchen weckomen, mit smem blutt
541 2377 2170 2557 Item zum Collosensern am 11 cap: poet, der
530 2487 2188 2674 da vfferweckt hatt Jesum von dem toe der
543 2584 2223 2779 hatt onch vth mit Im lebendig gemacht. Item
1585 2678 2291 2876 Wir hand vnser
543 2720 1486 2887 zum Ephesernn am 1 cap:
