2479 3508
301 2431 534 2622 Hernia
2005 177 2098 303 88
963 142 1495 386 Die erst schlußend
595 331 2086 579 probeeren, noch bewaren, das an Dysym
597 496 2165 703 ort, sij all ein solchen vesten glauben heijgenn
595 577 2212 792 gehan, Dis wijl Docq, Der Judas kein
587 707 2200 906 glauben hat / Ils Christus anzeigt Johans
603 825 2112 1016 vn cap: ouch am selven ort, einer vss.
607 922 2169 1121 vch. Ist Dec thuffell, vnnd ob es schon
605 1024 2238 1235 allso over wie her Berchtold seit so
615 1133 2224 1314 stat verstorfft offrecht, Er het gesprochen
609 1241 2145 1422 Du bist petrus die wird Ich geben
618 1351 2210 1546 die schlussell des richs het woll mogen
609 1446 2129 1668 sagen, Ich würde werden allen geben. Das
601 1574 2106 1767 er aber spricht sy heegent laufest, min
615 1698 2155 1863 gesenvurff mit gschrifft verant winett
622 1783 2230 2011 sprich ick nein, besonders die yschrifft han¬
607 1913 2180 2127 ich klarhich vnnd hinter anzogen mag hi¬
620 1987 2222 2188 moll vnnd ertrich int Darwider Das in
609 2117 2175 2287 aber sprechent, So er die schlussel allein
607 2236 2092 2444 hette So wurd er allem mussen ein
611 2342 2110 2531 hirt sijn vermag, Das die gsthrifft
609 2474 2147 2612 int will ich erzogen Johannis xvi cap:
634 2549 2167 2773 Drijwijl vnnd hett Christus petro Dix
654 2645 2192 2868 schlussell Insonderheit verheissen bedat vns
636 2756 2167 2968 een soundrige oberkeit vnnd gewallt vnder
