2479 3508
35 745 140 885 ssen
18 869 147 971 allen Prinz
22 965 144 1085 Das X
18 1077 153 1188 bischen octo
20 1162 149 1290 wochenst
18 1288 149 1396 Ihr hein
18 1355 140 1486 ter banden
33 1909 151 2031 merck
189 1040 537 1256 Dir das suan
228 1221 576 1347 gehuur ist vnd
222 1292 425 1418 bestheibt
197 1862 374 2123 dernier
1854 185 1986 269 152
1007 138 1663 283 Die viere schlußrae
592 224 2151 442 ortt, vnge aber das mitt gschrifft nit bewertt, fur
606 376 2198 492 den anndern punckten, Das sich Joh, gevlissen hab
598 431 2204 578 zeersetzenn, Das annder enangelisten vßgelassen habend
613 511 2094 655 sagennd wir das dasselb zyn vill greffenlicken
606 574 2188 739 stucken beschechen sie, Ge aber Johannes hie von
580 659 2078 812 Dem Sacramentlichen essen nutzit handlet wie
562 731 2200 914 wir denn grundtlichen vss. Dem text harfuebracht
582 838 2145 1013 haben, so bedarff es kemer red, Das man hie sage
574 924 2175 1095 Johannes, hab des hir erklärung thun, Dann Joh:
588 1038 2098 1182 an dem ortt die predig Jesu Christi vnsers be¬
592 1081 2204 1280 halbers, beschrift, mitt das secrament der Danck¬
606 1215 1860 1386 sagung Obristi wie gnugsam gehort ist.
1070 1282 1982 1467 Pfarrer von Sant gal:
653 1457 2120 1628 aunt vnnd alle leumbrung vermitten. Der
600 1573 2147 1726 bispell halb, durck min her vnnd bruder Inge¬
596 1667 2096 1823 furt von dem luten vnnd zu der predig gan¬
598 1756 2102 1909 mit sampt annderer erzellung lassen ich In siner
1384 1858 2049 2000 das so ick Im hutt
594 1860 1011 2013 wirde beliben
588 1909 2055 2084 zu bestättung siner erklärung geredt ist, heel
586 2002 2123 2190 verfasset vnnd annders bewaring vsserthalb des
584 2120 2072 2281 Ingebrachten, acht ich Jetzmall, vnnötig, vnnd
574 2218 2202 2393 lass es by minder furtragner erklaring derhalben
580 2332 2153 2477 Ien beliben/ mitt angedingter vorderiger beuelchnus/
598 2416 2155 2576 damit vnnd wir zu Den rechten worten Des
578 2509 2163 2674 Insatz Des hern nachtmaels, komen mogenne
570 2617 1962 2766 bemechs vnnd vndergibs wie vormalls
1058 2784 1488 2983 Avingli
