2479 3508
21 1950 103 2060 die Pr.
341 522 463 672 185
1971 162 2132 305 253
933 196 1674 364 Die fünfte Schlus Ordi
588 341 2127 514 rachtikeit, Ist vnsuber vor gott, Als Oi Valbs anred
586 449 2123 594 sinde, vier ouch Esaijis dasselb bezugt, darumb Oo
571 527 2140 680 Ist notwandig, das fin ander rem opfer werde gaben
583 630 1571 779 das disem text glich formig op¬
988 748 1578 910 Martinus buzer
539 866 2102 1087 Deshalb Pagt Paulus, geheiligt durch den heiligen
573 1009 2159 1175 geist, In vor angezoigten worten, So werden die hertje
573 1093 2102 1220 en von Inen salbs vureni, durch den glouben rein
556 1182 1622 1346 Actorum. xvo. ad Romanos xij
1036 1312 1605 1502 Egidius murer,
514 1491 2205 1658 Is mag nitt verstanden werden, von der heiligmachung
571 1597 2163 1731 des heiligen geists, dann dasselbig opfer, Namlich des
564 1691 2193 1809 wort gottes, hat vorhin langost sollen verkundt wor¬
552 1763 2188 1900 den zijn, Als ouch besthaechen Ist, Abvacht, fsaac, vnd
567 1849 2188 1995 den lieben andren vattern, vnd darumb so muss man
564 1946 2096 2110 neiswa ein ander rein opfer gaben, das vor nie Ist
552 2028 2140 2178 gesin, Ende alten testament, Sunders erst anfachen
550 2129 1274 2287 Een muwen testament,
986 2222 1615 2418 Martinus buijer
562 2378 2157 2578 Is volget nitt, das das rein opfer, von dem der Pro¬
571 2500 2098 2633 phet hie vedt, darumb musste vor nie gewesen sin,
562 2620 2123 2749 Der Prophet meldot hie von einem reinen op:
558 2673 2054 2808 ter, vnder den heiden, Oerglichen, wie zur zitt
552 2751 2075 2913 der Apostlen, gesuchen worden Ist, Ist vor nie
556 2860 786 2997 gesin
