2479 3508
17 478 126 573 the war,
27 550 131 649 das Ihr
1011 116 1773 299 Die verd. st. sluss.
1950 160 2110 267 175
573 263 2146 455 ist min lijb hab ick hutt gnugsamlich geantwurt
577 407 2083 533 Darumb ick much vff die acta verlassen
598 478 2140 636 was der verstand der worten, sin solle, Es ware
598 577 2172 727 ein verlengerlichs wider affrung hegen allso von mij
598 659 2193 813 nem hern Doctor zu fur drung der sach water
592 727 2167 885 gschrifft, worumb die wort, das ist min
594 828 2176 984 lijb vnnd, das ist min blut nit allso sollen ver¬
600 908 2047 1106 standen werden, wie sie klar vnnd starck luttend/
1108 1049 1441 1169 evingh
617 1078 2197 1226 Den unserm verstand, haben wir offt, gnug verheissen
609 1194 2136 1342 welbends ouch (ob got will) leisten, die sach ist
594 1253 2174 1422 aber noch nit da, sonder an dem ende Das sy
600 1369 2134 1500 In smichdochsen bewärind, Dann Das outt
583 1472 2161 1615 Pauli In 1 Epi: zum Chorint: am & capi tragt int
586 1500 2218 1712 das es muß ein senechaeche sin, ob man gleich gemeind
577 1603 2231 1771 oder gemeinsame, durch vstheillen thußtkere, noch
558 1725 2220 1879 volgt es nit das es muss ein senachdochst sijn, Dan
571 1824 2239 1963 woon Das brot glick wesenlich vnnd substantzlich
558 1906 2249 2085 Der lichnam Christi war, wie die Bapstschmeijning
586 2001 2142 2167 haelt, so over doch aber der licenam Chryti
571 2094 2235 2254 Vfgetheelt vnnd wer Dorumb kein sinechdoch
577 2186 2239 2334 Jan aben Das brot das ouch der lichnam
546 2277 2207 2443 Christi weer, Das wurde vssgenheillt, vnd mag des¬
556 2370 2239 2509 halb der sinn vnder dem bret, hie uit hy win¬
558 2464 2245 2631 gen werden, vnd darumb so suchent ander schrafft
1102 2561 1875 2728 pfarrer von santg¬
577 2667 2188 2846 Die villmall angezogen vnd verantwurt belijb
550 2782 2182 2945 ick by dem spruch pank, vnnd will mich In
