2479 3508
28 944 163 1088 sollen
34 1058 142 1179 daß ihm
17 1160 148 1268 Salles
15 1270 123 1363 Lacheers
30 1587 146 1691 antwint
25 2531 110 2635 zeten
226 914 493 1086 Korceria
889 133 1598 296 Die verd schlußend
1983 178 2135 292 173
576 296 2140 499 das alles weet den spruch niet vellenn wirtt, er stett
571 442 2152 590 fur vns vnnd lutt allso Der kelck oder das trance der
582 510 2201 637 benediung, den wir benedien ist er nitt die gemein¬
595 603 2135 762 schafft des bluts Christi vnnd das brott das wir
582 643 2173 859 brechen, ist das nitt die gemeinschafft des lybs Fristen
574 770 2205 935 Is wusseund alle so ein kleinen verstande haben, Des gul.
588 855 2245 1031 ischen was notaria heißt nemblich ein gemeinschafft
590 965 2216 1126 een ustheilennen, Alles zijn fomern xv cap: paulus
584 1048 2184 1232 In gleicher form, Das wortt gebrucht, so er sprichtt
599 1143 2195 1297 Es hatt Ers von Macodonia vnnd achara fur put an¬
605 1238 2186 1414 geschenn/ ein gemeinsthafft Zechund In die armen
590 1337 2211 1509 heilligen. Die da sind zu Iherusalem was ist gemein¬
593 1414 2211 1613 schafft, Da anders dan ein uscheillung, Das sy
574 1551 2273 1714 Den armen hieefflich weeten sin vnd In der ii Ex:
550 1621 2159 1818 zum Thormthern am viii cap: (wirt weermmb)
523 1710 2209 1907 recevierien fur ein vs theillum genomen, allso ouch hie
557 1795 2216 1979 Der kelch der Dancksagnen old bene diuw ist
559 1905 2239 2072 ein gemeinschafft, Das ist ein vß theillung des bluts
599 2013 2296 2169 vnnd Das brott das wir brechen ist ein ustheillung
518 2108 2190 2275 Des lybs Christi kan mir min her Doctor mitt
561 2186 2156 2358 geschrifften erzwingen, ein amndern verstand so
554 2324 1314 2463 wellen wir Ine horen
1071 2364 1583 2552 Ocolampadius
1382 2516 1479 2597 24
595 2540 2173 2692 Damit man vff der ban belib so will ick sittlich
561 2641 2211 2806 Inred sparen, bissz vff sin zijt, welet gerim das
546 2749 2178 2925 die widerpieter, das ouch thar, Es will her¬
