2479 3508
1035 95 1771 284 Die ander Schlußred
668 231 2302 388 lichen kilchen, das wol vermoge, dat man die kibchen¬
658 332 2298 470 Colle horen, als Inn, So aber der Lext, zu Chimo¬
668 416 2249 557 theo vorgesthriben, von Martin bucker geleit wirdt
672 486 2298 637 vff die kilchen vnd da nitt redt von der kilchen, dun¬
666 575 2271 726 dero von denen, die durch unglauben vnd Jrsal, vf:
680 668 2286 789 tritten vind von der Kilchen, darumb oo hoff Ich
672 748 2257 915 min argument stand Stift, vnd sije vesten klicht
680 853 940 954 bewart
1022 893 1645 1092 Martinus buijer,
2177 1092 2271 1173 .2
662 1088 2288 1270 Der Picht vatter sagt, der Opruch. i.r ad Thimo. iiii.
691 1183 2282 1336 rede nitt von der Christlichen Kilchen, Sunders von
674 1276 2276 1418 den abgetratnen vom glauben, das sagen ouch wir
678 1362 2265 1501 Darumb aber, Jo Vina Concilien vnd prelaten, fe
701 1447 2311 1562 vnd Opiss verbieten, so ligt es am tag, das Oi mit we¬
680 1534 2292 1686 nigers omd, dann die christlich kilch, Vff disen
660 1616 2284 1746 Opruch, wellen wir die Oach gesagt haben, Auch vff
678 1698 2284 1830 disen, S'achen zu, das v'ch nitt widerfare ein rouber,
653 1789 2311 1917 Ad Colossenses. ij. von dem ort an, lase der christ, biss
693 1886 2342 1989 zu and des capittels, da wirdt Er klarlich gnug Sachen
691 1954 2298 2102 das dehrin christ, Solick gebott, dauon der bicht vatter
695 2045 2325 2201 redt, ende men brudern vflegen mag, noch vil weniger die
684 2121 2302 2271 gangh christlich gemeind, Si Ist ein gespens Christi
699 2212 2331 2352 vnd kan nitt wider das hill wort gottes tun, Das
707 2302 2317 2449 Er aber witter Jnzogen hat, wer vth hort, der hort
705 2395 2321 2535 mich euch, Luce etc. gaben wir gern zu, wer da pre¬
701 2482 2298 2636 diget, das den Opostlen, dissorts beuolchen ward,
705 2568 2317 2706 namlich das heilig Euangeluun, das man Christum
699 2657 2302 2801 thove, So man Colichen hort, waer wil aber sagen, das
691 2741 2340 2904 man Christum hove, So man er der tijfken annimpt
