2479 3508
830 173 2047 367 Die erst Schlußred 31
626 313 2113 486 Das usserwellt vasß  / Christi / hatt hie jnn diser Zyt
637 430 2080 558 den gewallt / brucht unnd gehaen vnnd ist nit
611 507 2080 631 on / das der ewig got Christus Jesus vns klarlich
619 588 2124 726 eroffnet hatt, den gewallt so er dem paulo gen
614 680 2126 820 hatt, der text ist klar, die wort haell und luter /
1080 782 1737 985 Berchtoldus
644 868 2060 1087 Der herr hatt bevolchen / sin goetlich wortt /
609 1067 2057 1220 ze verkunden / den apostlen / allß sinen dienern /
609 1143 2096 1314 over denselben gloubt dem haben so zugesprochen
631 1225 2113 1390 vergebung der sund (Einschub: und nit die vergebung der sund) / ßebs geben / Der spruch
196 1202 593 1352 vnd nid die
209 1324 619 1428 vergebung der
209 1400 354 1528 sund
588 1306 2057 1462 vsß thimetheo zeigt an den bevelch Christi einer
606 1390 2098 1561 jegklichen kilchhörij geben / das der so vnordenlich
596 1490 2113 1635 wandlet inn vnuerschempter ergernus soll ver-
598 1566 2116 1724 bannet vnnd vßgeschlossen werden / mathei xviii
603 1653 2068 1795 cap. welches ouch paulus zu Chorintho than
596 1724 2108 1907 hatt / allß ir hand habend Inn der ersten epistell
591 1843 2116 1996 am, v / cap. Ich zwar (spricht er) allß der mit
565 1922 2111 2062 dem lyb nit da bin doch alls mit dem geist
591 2027 2116 2167 gegenwürtig hab schon ich sollichs im geist be-
606 2111 2118 2243 schlossen / uber den der sollichs gethan haett inn
596 2192 1938 2353 dem namen vnsers herren Jesu Christi, in
74 2197 578 2363 vuver versamlung
81 2322 578 2409 mit minem geist
109 2412 599 2449 und in der krafft
84 2432 540 2531 unsers hern Jesu
99 2503 532 2656 Christi
295 2490 420 2549 inn
296 2550 475 2607 im ze
1953 2195 2116 2266 über¬
606 2284 2118 2416 geben, dem thuffell zuo verderbung des fleisches
612 2426 2132 2480 uff das der geist saelig werd / am tag des herren /
606 2472 2164 2625 Hie sechend ir das paulus / nit vsß eignem gewalt
596 2567 2180 2714 sonnders inn dem namen, ia inn der krafft vnsers
570 2656 2172 2811 Herrn / Jesu Christi, versamlet, mit einanderen den
591 2752 2192 2923 offentlichen hurer verbannet hatt darus aber
