2479 3508
229 3229 343 3362 .
334 2018 549 2170 pp 149
2048 149 2172 257 207
788 130 1518 246 Iw huij Sluijsvrou
1013 200 1388 349 vingh
645 219 2227 473 Vnnser Span ist darumb, ob dazu tranck Das Ehesta¬
521 351 2214 557 ment sie vnnd int darumb wo mit das thestament
1274 471 2163 637 Wir schlachsen int ab, Das
505 500 1013 643 werkomen, sie
557 555 2220 713 Dens die nachlassung der sind mit dem vergossenen
572 658 2166 824 blutt Christi erworben sie, sonder solche wortt, die
559 736 2231 891 beuestnen vnnserm grund, Das Das blut Christi, hebben
572 814 2195 1007 selb, nit das thestament ist, sonnders das wer damit
553 921 2197 1060 vns damit das Jhestament, welches da ist naeckerssung
559 1007 2168 1184 Der sijnde erworben ist, Der buchstab lutter Das
601 1108 2174 1280 tranck, sy das thestament so ist nachlassingen der
589 1188 2187 1375 sund das thestament, so muss das wort thesta¬
601 1299 2151 1459 ment, hie nitt eigentlichen genomen werdenn
1104 1409 1693 1585 Pfarrer V. f. g.
580 1516 2128 1753 In Vßlegung der worten, so her meister Vlrich
589 1667 2149 1833 furgetragen, erklären, Mathey vnnd Marcy. Das
597 1701 2241 1934 Das so der her das thestament geheissen den Jurgen
570 1871 2199 2012 hatt dargereicht, welches er darnach am Erntzen
582 1951 2006 2140 mit verpiessung sins bluts hatt wollender,
1007 2084 1415 2252 Jovingh
654 2195 2075 2395 Das ist nit ein antwurrt, vff das Das wir
542 2323 2107 2498 hervorsthen, wir wissende woll Mathens
1325 2439 2063 2567 wir begeren an so
561 2428 1308 2576 vnnd Marcus sagend
549 2491 2189 2691 ob sy erkenne, Das die vergeblich nachlassung
547 2618 1440 2763 Der sind das thestament fie
1007 2700 1625 2828 Pfarrer v. 8. g.
654 2801 2140 2956 sins verstands ist vor gul. geantwort Das
574 2895 2176 3057 das nur thestament syn verzichung der sind.
