2479 3508
856 291 2334 495 er Im sonderlich verheissen hatt/ Oder Jo¬
846 436 2340 593 hamis etc. Da er Ime hett beuolchen die
840 538 2333 727 herd zu weiden, der schaffen, zum Dritten
844 676 1250 810 mall n/
1384 718 1955 941 Berchtoldus
924 876 2329 1129 Herr Hafft stat Daruff Das meister
808 1061 2329 1216 Niclus sin erste red, Da er vermeint perso
861 1169 2295 1367 allein die scheussell verheissen sin, Das
876 1282 2306 1454 vermag der het nit van es stat int
863 1386 2302 1566 tibi soli dabo. sonders, frs. Sy sind Im ouch
867 1502 2300 1675 mit geleistet, Ime allem In denen wortenn
873 1604 2325 1768 Johannis am lesten cap: weid inne schaffen
871 1706 2272 1902 dan schaffly oveiden Ist allen verkundern,
1823 1838 2293 1995 vnd noch
857 1842 1738 1979 Des wort gots huolchen
859 1900 2297 2110 hut bij tag die wijl die leistung der
880 2015 2291 2204 stebeusseln, allen Opostlen geben ist, so
876 2134 2265 2334 steeck sich ons die verheissung vff sy als
1422 2283 1792 2440 wingh
1732 2395 1840 2504 29
897 2421 2325 2646 Ich beter lieben bruder zu erbetrung des
908 2578 2297 2714 Worts Johanus xvi cap: werd mine
891 2673 2346 2841 schafftij gar wenig zu roden, vnd bezug mich
869 2775 2359 2975 zum ersten Das ich der lever spruch int
