<?xml version="1.0" encoding="UTF-8" standalone="yes"?>
<PcGts xmlns="http://schema.primaresearch.org/PAGE/gts/pagecontent/2013-07-15">
    <Metadata>
        <Creator>prov=READ-COOP:name=TrHtr:version=2.41.0:model_id=51170:date=09_03_2026_17:24</Creator>
        <Created>2026-01-27T10:34:29.276+01:00</Created>
        <LastChange>2026-03-09T17:24:20.549+01:00</LastChange>
        <TranskribusMetadata docId="13922579" pageId="112790399" pageNr="464" status="IN_PROGRESS" userId="537" imgUrl="https://files.transkribus.eu/Get?fileType=view&amp;id=TNJITRAALHKKYSTBWSWLSVTL" imageId="95349450"/>
    </Metadata>
    <Page imageFilename="112790399.jpg" imageWidth="2479" imageHeight="3508">
        <TextRegion orientation="0.0" id="tr_1">
            <Coords points="38,1622 38,1778 113,1778 113,1622"/>
            <TextLine id="tr_1_tl_1" custom="readingOrder {index:1;}">
                <Coords points="28,1761 39,1758 52,1769 58,1761 67,1761 78,1748 88,1748 97,1739 108,1737 101,1633 80,1636 37,1681 24,1685"/>
                <Baseline points="38,1722 63,1725 88,1728 113,1725"/>
                <TextEquiv>
                    <Unicode>en eder</Unicode>
                </TextEquiv>
            </TextLine>
        </TextRegion>
        <TextRegion orientation="0.0" id="tr_2">
            <Coords points="516,162 516,2904 2251,2904 2251,162"/>
            <TextLine id="tr_2_tl_1" custom="readingOrder {index:1;}">
                <Coords points="1933,218 1978,237 2006,220 2039,235 2080,224 2144,280 2209,252 2233,259 2230,168 2116,181 2082,164 1931,149"/>
                <Baseline points="1943,208 1969,208 1996,209 2023,210 2050,212 2077,214 2104,214 2131,215 2158,216 2185,216 2212,214 2239,217"/>
                <TextEquiv>
                    <Unicode>215.194</Unicode>
                </TextEquiv>
            </TextLine>
            <TextLine id="tr_2_tl_2" custom="readingOrder {index:2;}">
                <Coords points="868,256 1123,295 1207,237 1390,267 1431,304 1526,246 1631,272 1756,233 1758,127 1664,175 1465,134 1306,207 1108,116 873,166"/>
                <Baseline points="880,256 924,256 968,255 1012,252 1056,248 1100,243 1144,241 1188,241 1232,241 1276,241 1320,241 1364,238 1408,238 1452,238 1496,238 1540,235 1584,235 1628,232 1672,229 1716,223 1761,217"/>
                <TextEquiv>
                    <Unicode>Die vierd schlußred.</Unicode>
                </TextEquiv>
            </TextLine>
            <TextLine id="tr_2_tl_3" custom="readingOrder {index:3;}">
                <Coords points="513,397 1672,399 1718,440 2116,412 2116,315 1819,267 1674,371 1627,328 1375,349 1213,250 953,375 851,310 513,336"/>
                <Baseline points="525,388 604,388 684,390 764,392 844,391 924,389 1004,388 1083,385 1163,385 1243,385 1323,390 1403,394 1483,397 1563,397 1642,397 1722,392 1802,389 1882,385 1962,385 2042,385 2122,391"/>
                <TextEquiv>
                    <Unicode>wortt Das erklaut vnns allein, die krafft</Unicode>
                </TextEquiv>
            </TextLine>
            <TextLine id="tr_2_tl_4" custom="readingOrder {index:4;}">
                <Coords points="513,543 578,493 1039,537 1325,491 1524,532 1590,489 1674,532 1985,470 2058,534 2129,502 2129,416 1784,442 1670,403 1618,453 1045,392 963,450 868,405 513,442"/>
                <Baseline points="525,477 605,477 685,477 766,474 846,477 927,477 1007,477 1088,475 1168,473 1249,472 1329,474 1409,474 1490,477 1570,480 1651,479 1731,474 1812,474 1892,471 1973,470 2053,471 2134,465"/>
                <TextEquiv>
                    <Unicode>die gott durch sinen Sun zu vnnserm heile ge¬</Unicode>
                </TextEquiv>
            </TextLine>
            <TextLine id="tr_2_tl_5" custom="readingOrder {index:5;}">
                <Coords points="526,580 698,588 726,573 780,601 873,612 1037,562 1037,528 903,519 888,504 817,534 778,496 733,498 653,543 571,506 526,517"/>
                <Baseline points="537,570 562,569 587,567 612,567 637,567 663,567 688,567 713,567 738,567 763,567 789,567 814,567 839,567 864,567 889,565 915,564 940,564 965,564 990,564 1015,563 1041,561"/>
                <TextEquiv>
                    <Unicode>wurckt hatt</Unicode>
                </TextEquiv>
            </TextLine>
            <TextLine id="tr_2_tl_6" custom="readingOrder {index:6;}">
                <Coords points="1011,687 1056,664 1159,711 1233,644 1353,662 1668,629 1720,668 1774,644 1774,601 1610,500 1500,593 1394,552 1291,565 1220,522 1011,588"/>
                <Baseline points="1022,637 1059,638 1097,633 1135,630 1172,627 1210,627 1248,629 1285,629 1323,632 1361,634 1399,635 1436,636 1474,637 1512,635 1549,635 1587,635 1625,633 1662,631 1700,628 1738,626 1776,626"/>
                <TextEquiv>
                    <Unicode>pfarrer van 8. 9.</Unicode>
                </TextEquiv>
            </TextLine>
            <TextLine id="tr_2_tl_7" custom="readingOrder {index:7;}">
                <Coords points="519,782 664,728 1205,774 1446,735 1590,800 1670,741 2179,741 2179,668 2110,718 1733,681 1670,627 1431,694 1276,655 983,713 817,608 675,670 519,584"/>
                <Baseline points="531,740 613,729 696,728 779,725 861,728 944,728 1027,731 1109,728 1192,731 1275,731 1358,734 1440,737 1523,738 1606,740 1688,740 1771,740 1854,738 1936,737 2019,735 2102,734 2185,725"/>
                <TextEquiv>
                    <Unicode>Des ersten Das sich Inn vunsern worten Das</Unicode>
                </TextEquiv>
            </TextLine>
            <TextLine id="tr_2_tl_8" custom="readingOrder {index:8;}">
                <Coords points="534,853 694,832 810,894 894,832 1028,873 2224,843 2224,774 2157,737 1955,800 1866,750 1694,808 1539,769 1336,806 1116,731 976,778 668,726 534,778"/>
                <Baseline points="546,841 630,834 714,829 798,826 882,826 966,826 1050,826 1134,826 1218,826 1302,827 1386,830 1470,832 1554,835 1638,832 1722,835 1806,837 1890,834 1974,832 2058,831 2142,824 2227,818"/>
                <TextEquiv>
                    <Unicode>Ovider spill erfinde beuelchen wirs den hörenden</Unicode>
                </TextEquiv>
            </TextLine>
            <TextLine id="tr_2_tl_9" custom="readingOrder {index:9;}">
                <Coords points="1271,948 1437,970 1478,935 1657,929 2006,993 2103,922 2166,946 2168,843 1989,862 1948,834 1840,890 1741,853 1271,862"/>
                <Baseline points="1283,934 1327,930 1371,925 1416,922 1460,922 1505,922 1549,922 1594,922 1638,922 1683,925 1727,925 1771,925 1816,922 1860,922 1905,922 1949,919 1994,922 2038,922 2083,916 2127,910 2172,920"/>
                <TextEquiv>
                    <Unicode>Wracham Ingefurt, sagt</Unicode>
                </TextEquiv>
            </TextLine>
            <TextLine id="tr_2_tl_10" custom="readingOrder {index:10;}">
                <Coords points="537,940 728,942 795,987 914,944 970,1002 1030,946 1183,931 1183,871 955,877 901,836 815,896 694,830 621,888 537,875"/>
                <Baseline points="549,931 582,933 616,932 649,930 683,928 717,928 750,929 784,930 818,928 851,928 885,928 918,928 952,928 986,928 1019,928 1053,928 1087,928 1120,928 1154,928 1188,934"/>
                <TextEquiv>
                    <Unicode>vand lejenden van</Unicode>
                </TextEquiv>
            </TextLine>
            <TextLine id="tr_2_tl_11" custom="readingOrder {index:11;}">
                <Coords points="550,1058 692,1030 784,1084 950,1034 1002,1082 1265,1030 1485,1093 1582,1037 1702,1110 1832,1039 2198,1034 2198,970 2108,922 2006,993 1651,933 1332,974 1047,942 972,1000 922,955 657,993 552,946"/>
                <Baseline points="564,1032 650,1030 736,1030 822,1027 909,1024 995,1024 1081,1021 1167,1024 1254,1029 1340,1027 1426,1025 1512,1019 1599,1020 1685,1019 1771,1019 1857,1021 1944,1022 2030,1021 2116,1012 2203,1003"/>
                <TextEquiv>
                    <Unicode>Der text penesis am xxii cap: Er solle nemen sinen</Unicode>
                </TextEquiv>
            </TextLine>
            <TextLine id="tr_2_tl_12" custom="readingOrder {index:12;}">
                <Coords points="528,1138 825,1129 931,1187 1002,1131 1069,1166 1457,1131 1683,1187 2133,1125 2064,1037 1707,1108 1364,1054 1284,1084 1146,1028 1000,1084 948,1041 802,1097 700,1041 526,1075"/>
                <Baseline points="540,1131 619,1125 699,1119 779,1119 859,1119 939,1119 1019,1122 1098,1124 1178,1127 1258,1132 1338,1134 1418,1131 1498,1131 1578,1131 1657,1132 1737,1131 1817,1131 1897,1125 1977,1124 2057,1121 2137,1113"/>
                <TextEquiv>
                    <Unicode>Sun vnnd solle han In das kurrick, bij welchem</Unicode>
                </TextEquiv>
            </TextLine>
            <TextLine id="tr_2_tl_13" custom="readingOrder {index:13;}">
                <Coords points="528,1278 692,1226 929,1267 1556,1233 1853,1299 1924,1233 2105,1304 2144,1299 2142,1114 2026,1194 1866,1134 1746,1202 1636,1149 1323,1198 1159,1136 931,1185 526,1140"/>
                <Baseline points="540,1224 620,1219 700,1220 781,1221 861,1219 942,1221 1022,1224 1103,1227 1183,1227 1264,1230 1344,1230 1424,1230 1505,1227 1585,1228 1666,1233 1746,1230 1827,1230 1907,1228 1988,1227 2068,1227 2149,1224"/>
                <TextEquiv>
                    <Unicode>Abraham den beuelch hatt, wellen erstatten, ist</Unicode>
                </TextEquiv>
            </TextLine>
            <TextLine id="tr_2_tl_14" custom="readingOrder {index:14;}">
                <Coords points="528,1360 705,1323 886,1360 950,1327 1155,1396 1327,1338 1472,1392 1621,1332 1677,1371 1933,1332 2099,1362 2099,1293 1924,1250 1855,1297 1552,1231 1308,1282 1196,1226 864,1302 711,1252 528,1278"/>
                <Baseline points="540,1331 618,1325 696,1320 774,1319 852,1319 931,1322 1009,1325 1087,1328 1165,1325 1243,1328 1322,1330 1400,1330 1478,1328 1556,1330 1634,1332 1713,1334 1791,1334 1869,1332 1947,1331 2025,1330 2104,1328"/>
                <TextEquiv>
                    <Unicode>aber van gott abgestellet, Er solle die hand nitt</Unicode>
                </TextEquiv>
            </TextLine>
            <TextLine id="tr_2_tl_15" custom="readingOrder {index:15;}">
                <Coords points="534,1437 631,1472 912,1429 976,1476 1034,1429 1573,1431 1823,1485 1914,1433 2194,1420 2194,1310 1978,1394 1552,1351 1157,1399 812,1334 534,1373"/>
                <Baseline points="546,1430 628,1433 711,1430 794,1427 876,1427 959,1427 1042,1427 1124,1433 1207,1431 1290,1430 1373,1432 1455,1430 1538,1430 1621,1430 1703,1433 1786,1433 1869,1431 1951,1427 2034,1424 2117,1421 2200,1418"/>
                <TextEquiv>
                    <Unicode>vss. strecken, ende wie die histori vermag, vom liden</Unicode>
                </TextEquiv>
            </TextLine>
            <TextLine id="tr_2_tl_16" custom="readingOrder {index:16;}">
                <Coords points="526,1575 696,1539 778,1588 1080,1565 1134,1616 1287,1541 1498,1593 1584,1543 1916,1586 2230,1537 2211,1474 2099,1480 2034,1420 1881,1498 1483,1440 1284,1500 1164,1435 974,1478 914,1429 782,1444 634,1508 528,1470"/>
                <Baseline points="537,1558 626,1543 715,1537 805,1534 894,1534 984,1534 1073,1534 1162,1537 1252,1537 1341,1537 1431,1531 1520,1531 1610,1531 1699,1534 1788,1531 1878,1531 1967,1525 2057,1519 2146,1513 2236,1513"/>
                <TextEquiv>
                    <Unicode>Jesu Christi, weißt mencklich das er sin willen</Unicode>
                </TextEquiv>
            </TextLine>
            <TextLine id="tr_2_tl_17" custom="readingOrder {index:17;}">
                <Coords points="511,1692 631,1649 1011,1655 1082,1707 1153,1653 1784,1679 2168,1646 2168,1565 2069,1530 2002,1590 1843,1549 1565,1601 1218,1562 1131,1618 1034,1569 774,1605 707,1543 627,1593 511,1575"/>
                <Baseline points="522,1645 604,1645 687,1645 769,1643 852,1640 934,1642 1017,1642 1099,1642 1182,1642 1264,1639 1347,1639 1430,1638 1512,1636 1595,1639 1677,1636 1760,1636 1842,1634 1925,1629 2007,1625 2090,1621 2173,1618"/>
                <TextEquiv>
                    <Unicode>In den wielen sins vatters ergeben, ende von der</Unicode>
                </TextEquiv>
            </TextLine>
            <TextLine id="tr_2_tl_18" custom="readingOrder {index:18;}">
                <Coords points="519,1799 642,1750 763,1789 946,1741 1407,1778 2161,1724 2161,1664 2103,1633 1924,1696 1541,1644 1075,1709 866,1646 522,1702"/>
                <Baseline points="534,1746 615,1746 697,1746 778,1746 860,1741 942,1739 1023,1740 1105,1738 1187,1737 1268,1737 1350,1737 1432,1737 1513,1737 1595,1734 1677,1734 1758,1734 1840,1732 1922,1729 2003,1724 2085,1718 2167,1713"/>
                <TextEquiv>
                    <Unicode>verheissung weis man woll, das der Sam des</Unicode>
                </TextEquiv>
            </TextLine>
            <TextLine id="tr_2_tl_19" custom="readingOrder {index:19;}">
                <Coords points="513,1862 1179,1843 1321,1888 2049,1819 2161,1864 2194,1733 1993,1786 1474,1752 1392,1810 1205,1765 1110,1812 976,1771 513,1797"/>
                <Baseline points="525,1854 608,1851 691,1848 775,1847 858,1845 942,1845 1025,1845 1109,1843 1192,1842 1276,1844 1359,1846 1442,1842 1526,1839 1609,1836 1693,1836 1776,1831 1860,1827 1943,1823 2027,1820 2110,1812 2194,1815"/>
                <TextEquiv>
                    <Unicode>Wopt gotes, villmals In die vnfruchtbare extrich</Unicode>
                </TextEquiv>
            </TextLine>
            <TextLine id="tr_2_tl_20" custom="readingOrder {index:20;}">
                <Coords points="502,1974 1004,1944 1093,2006 1174,1961 1672,1980 1875,1933 2008,1970 2177,1922 2177,1873 2105,1890 2039,1825 1832,1883 1724,1838 1429,1860 1338,1920 965,1847 504,1877"/>
                <Baseline points="516,1946 599,1943 682,1943 765,1945 849,1943 932,1943 1015,1943 1099,1944 1182,1943 1265,1946 1349,1946 1432,1949 1515,1946 1598,1946 1682,1943 1765,1940 1848,1935 1932,1931 2015,1929 2098,1928 2182,1922"/>
                <TextEquiv>
                    <Unicode>waber, vnnd erst Jun. dem vierden vielfaltige</Unicode>
                </TextEquiv>
            </TextLine>
            <TextLine id="tr_2_tl_21" custom="readingOrder {index:21;}">
                <Coords points="793,2006 843,2000 873,2015 877,2011 903,2019 916,2015 914,1963 901,1965 886,1952 877,1961 866,1961 856,1955 832,1957 812,1944 789,1946"/>
                <Baseline points="803,1994 832,1994 861,1995 890,1997 919,2000"/>
                <TextEquiv>
                    <Unicode>für „</Unicode>
                </TextEquiv>
            </TextLine>
            <TextLine id="tr_2_tl_22" custom="readingOrder {index:22;}">
                <Coords points="1233,2110 1353,2049 1472,2077 1623,2054 1694,2110 1797,2041 2192,2071 2233,2056 2235,1922 2170,1916 2084,1985 1886,1942 1789,1989 1625,1968 1554,2015 1235,1957"/>
                <Baseline points="1244,2051 1293,2045 1343,2042 1393,2045 1443,2045 1492,2045 1542,2045 1592,2045 1642,2045 1691,2045 1741,2042 1791,2039 1841,2039 1890,2038 1940,2037 1990,2039 2040,2037 2089,2034 2139,2033 2189,2033 2239,2036"/>
                <TextEquiv>
                    <Unicode>Dan alles so die Opostell</Unicode>
                </TextEquiv>
            </TextLine>
            <TextLine id="tr_2_tl_23" custom="readingOrder {index:23;}">
                <Coords points="506,2047 552,2073 655,2054 748,2118 847,2060 1045,2082 1045,1985 1026,1980 985,1983 922,2028 851,2000 778,2021 735,1987 666,2017 578,1957 506,1980"/>
                <Baseline points="519,2042 545,2042 572,2043 598,2047 625,2048 651,2048 678,2048 704,2048 731,2050 757,2051 784,2051 811,2051 837,2051 864,2049 890,2048 917,2048 943,2047 970,2045 996,2045 1023,2045 1050,2045"/>
                <TextEquiv>
                    <Unicode>frans br, bringt</Unicode>
                </TextEquiv>
            </TextLine>
            <TextLine id="tr_2_tl_24" custom="readingOrder {index:24;}">
                <Coords points="519,2151 847,2196 961,2155 1017,2198 1235,2155 1353,2215 1455,2144 1651,2144 1730,2213 1864,2157 2049,2196 2177,2155 2179,2077 2028,2041 1623,2116 1450,2060 1134,2121 884,2064 797,2131 675,2060 522,2064"/>
                <Baseline points="531,2146 613,2158 696,2153 778,2149 861,2149 943,2145 1026,2143 1108,2143 1191,2143 1273,2144 1356,2144 1439,2145 1521,2143 1604,2143 1686,2146 1769,2146 1851,2144 1934,2144 2016,2143 2099,2140 2182,2140"/>
                <TextEquiv>
                    <Unicode>Than haben/ Haben sy mit voorss. Inen selbst</Unicode>
                </TextEquiv>
            </TextLine>
            <TextLine id="tr_2_tl_25" custom="readingOrder {index:25;}">
                <Coords points="545,2302 1422,2256 1537,2310 1769,2254 1827,2299 2164,2267 2194,2209 2110,2151 2015,2217 1875,2155 1780,2209 1662,2153 1420,2222 1200,2168 1011,2222 916,2164 547,2179"/>
                <Baseline points="558,2257 644,2260 730,2257 816,2257 903,2260 989,2254 1075,2260 1161,2257 1248,2257 1334,2254 1420,2254 1506,2251 1593,2251 1679,2251 1765,2252 1851,2253 1938,2253 2024,2251 2110,2248 2197,2239"/>
                <TextEquiv>
                    <Unicode>sounders Inn dem namen, Das ist In der</Unicode>
                </TextEquiv>
            </TextLine>
            <TextLine id="tr_2_tl_26" custom="readingOrder {index:26;}">
                <Coords points="517,2370 761,2437 1239,2362 1317,2424 1554,2418 1672,2360 1806,2396 2170,2355 2170,2299 2103,2265 1983,2321 1888,2265 1414,2321 1215,2256 517,2325"/>
                <Baseline points="528,2361 610,2364 692,2364 775,2361 857,2363 940,2361 1022,2363 1104,2361 1187,2358 1269,2356 1352,2357 1434,2356 1516,2355 1599,2358 1681,2358 1764,2358 1846,2359 1928,2358 2011,2356 2093,2352 2176,2343"/>
                <TextEquiv>
                    <Unicode>krafft, gottes gehandeelt, gewusss ist, das die</Unicode>
                </TextEquiv>
            </TextLine>
            <TextLine id="tr_2_tl_27" custom="readingOrder {index:27;}">
                <Coords points="552,2485 1047,2472 1131,2532 1433,2459 1547,2508 1875,2480 1957,2530 2054,2470 2144,2508 2144,2411 1855,2437 1763,2364 1526,2427 1131,2375 957,2433 875,2390 733,2450 636,2375 552,2383"/>
                <Baseline points="564,2472 643,2467 722,2466 801,2469 881,2467 960,2463 1039,2462 1118,2457 1198,2457 1277,2457 1356,2458 1435,2460 1515,2460 1594,2460 1673,2464 1752,2466 1832,2466 1911,2464 1990,2463 2069,2460 2149,2457"/>
                <TextEquiv>
                    <Unicode>vssern wort, alls mittell vnnd Instrumenten</Unicode>
                </TextEquiv>
            </TextLine>
            <TextLine id="tr_2_tl_28" custom="readingOrder {index:28;}">
                <Coords points="1588,2603 1698,2580 1724,2605 1763,2577 1933,2567 1996,2614 2049,2575 2110,2633 2172,2595 2174,2519 2052,2470 1968,2532 1920,2513 1847,2530 1793,2508 1698,2526 1590,2506"/>
                <Baseline points="1603,2570 1631,2568 1660,2566 1689,2564 1718,2564 1747,2564 1775,2564 1804,2566 1833,2566 1862,2564 1891,2564 1919,2563 1948,2561 1977,2561 2006,2561 2035,2559 2063,2559 2092,2561 2121,2559 2150,2557 2179,2555"/>
                <TextEquiv>
                    <Unicode>wie er sagt</Unicode>
                </TextEquiv>
            </TextLine>
            <TextLine id="tr_2_tl_29" custom="readingOrder {index:29;}">
                <Coords points="541,2571 731,2569 782,2608 881,2588 1004,2627 1153,2569 1405,2577 1427,2508 1088,2530 1006,2472 942,2526 873,2472 767,2508 543,2495"/>
                <Baseline points="552,2561 595,2564 639,2564 683,2567 727,2570 771,2573 815,2570 859,2570 903,2570 947,2570 991,2565 1034,2564 1078,2564 1122,2562 1166,2563 1210,2564 1254,2564 1298,2564 1342,2564 1386,2562 1430,2561"/>
                <TextEquiv>
                    <Unicode>sind des so pott will</Unicode>
                </TextEquiv>
            </TextLine>
            <TextLine id="tr_2_tl_30" custom="readingOrder {index:30;}">
                <Coords points="519,2743 616,2681 746,2713 787,2677 873,2724 996,2679 1243,2724 1612,2683 1774,2750 1817,2707 1877,2726 1877,2562 1767,2633 1674,2586 1159,2644 519,2567"/>
                <Baseline points="531,2675 598,2672 666,2675 733,2675 801,2678 869,2682 936,2681 1004,2678 1071,2675 1139,2678 1207,2678 1274,2679 1342,2678 1409,2678 1477,2681 1544,2681 1612,2681 1680,2683 1747,2683 1815,2679 1883,2675"/>
                <TextEquiv>
                    <Unicode>durch die prophern vnnd Moyse</Unicode>
                </TextEquiv>
            </TextLine>
            <TextLine id="tr_2_tl_31" custom="readingOrder {index:31;}">
                <Coords points="1968,2717 1998,2713 2028,2726 2075,2702 2093,2717 2121,2717 2129,2590 2110,2588 2084,2612 2073,2597 2049,2614 2024,2601 1996,2614 1974,2601"/>
                <Baseline points="1982,2698 2011,2697 2040,2695 2069,2693 2098,2691 2128,2689"/>
                <TextEquiv>
                    <Unicode>Ich</Unicode>
                </TextEquiv>
            </TextLine>
            <TextLine id="tr_2_tl_32" custom="readingOrder {index:32;}">
                <Coords points="517,2786 1004,2793 1127,2851 1211,2784 1543,2840 1672,2793 1767,2845 2069,2773 2246,2830 2246,2739 1965,2689 1774,2748 1618,2687 1547,2745 1116,2696 879,2761 776,2687 668,2758 517,2745"/>
                <Baseline points="528,2776 614,2778 700,2777 786,2779 872,2779 958,2779 1044,2779 1131,2773 1217,2776 1303,2776 1389,2777 1475,2779 1561,2782 1647,2781 1734,2782 1820,2781 1906,2779 1992,2776 2078,2773 2164,2773 2251,2770"/>
                <TextEquiv>
                    <Unicode>bin Ein got. solliche verheissing In den kurtzen</Unicode>
                </TextEquiv>
            </TextLine>
            <TextLine id="tr_2_tl_33" custom="readingOrder {index:33;}">
                <Coords points="506,2898 812,2957 940,2898 1261,2886 1420,2957 1556,2894 1683,2957 1819,2890 2185,2881 2185,2836 2047,2810 1769,2847 1207,2789 1129,2849 1002,2795 735,2845 506,2810"/>
                <Baseline points="519,2881 602,2879 685,2877 769,2876 852,2876 936,2878 1019,2875 1103,2873 1186,2872 1270,2874 1353,2874 1436,2873 1520,2875 1603,2878 1687,2878 1770,2878 1854,2875 1937,2875 2021,2874 2104,2872 2188,2872"/>
                <TextEquiv>
                    <Unicode>Ovonden / furende vnnd bringen, mit pot. mit allem</Unicode>
                </TextEquiv>
            </TextLine>
        </TextRegion>
    </Page>
</PcGts>
