2479 3508
1958 181 2048 257 11
1082 185 1919 384 Die erst schlußred
616 347 2141 519 Sy zu einem thugentlichen recht geschaffen, christen
634 489 2135 653 lichen, läben, Es erscheint sich woll, bim heiligen
636 569 2116 704 paulo, zum Galather: am 5 capitell. Welches die
636 661 2116 813 frucht des geists sind, die vns kein Creatur
636 759 2168 911 geben mag, der Spruch Johannis am ersten Capittel
634 842 2174 994 haryn zogen, lutet allso, Du bist Simon ein Sun Jona,
612 930 2176 1096 Du wirst  genempt Cephas welches vertolmeschet
624 1034 2145 1190 wirt, ein Velser, Das vermag nit Das Petrus ein
636 1117 2176 1295 haupt seye. petrus ist ouch ein Stein, nit des fun¬
634 1225 2153 1371 daments oder grundsteins, auch nit ein Eggstein
657 1299 2215 1462 sonder der vffbauen wirt vff das fundament
634 1402 2090 1548 welches Christus ist, wie er selbst bzüget, In der
649 1490 1704 1644 ersten epistel, am andern capitell,
1804 1505 2135 1613 Das wir
642 1591 2092 1716 all sollen erbauen werden, Zu einem hus gottes
640 1675 2127 1843 allß lebenndige stein. Daruss gnugsam verstandenn
616 1773 2131 1921 wirtt, das petrus, ein stein ein velser  Darmumb
1854 1888 2137 1981 das er
597 1866 1630 2012 Dass er den waren velsen bekannt aber nit
626 1968 2151 2124 ein houpt genampt wirtt Darzu so ist das
624 2067 2137 2211 wörtly cephas nit griechisch sounder Syrisch In der
642 2153 2159 2317 sprach Christus das geredt hett, sonder es ist ein
630 2250 2178 2408 annder wörtly heißt Xεραλn in griechischer sprach
1404 2346 1505 2471 25
614 2322 1281 2498 das ein houpt heisst
1160 2492 1613 2652 Bychtvatter
640 2631 2126 2851 Ir hand vill gschrifft darbracht vnd Gründ
