2479 3508
846 414 2231 568 wort gottes Sprich ich mit Dem einen
846 528 2284 676 bin Ich woll met Im. Namench mit dem
842 619 2284 753 wort potes, wo das ein rechten verstand het
1777 723 2273 835 Dan ob pot will
836 706 1554 854 wider das int zesin
852 785 2288 935 niemand ist der wider das hall wort gots.
846 889 2290 1060 sy welches keins richters darff, Dann
842 986 2290 1160 Ses pericht ist, Durch das ewig wort, aber
825 1077 2237 1228 der mußverstand Der geschrifft der selve
2087 1162 2271 1300 vnnd
842 1192 1805 1338 ernorschtein pottlich vstlegen
848 1277 2258 1435 soo her Berchtold min spruch, so ick hab
831 1376 2299 1520 anzogen vss. Dem heiligen evangelio auch vf
852 1472 2262 1635 Paulos vnnd Dasselb genempt om gevalt
814 1554 2316 1732 Den got siuen Jungeren empfelchen hatt sprinsi
846 1679 2263 1824 er es sy nun ein beuelch pfin, Das die
814 1756 2256 1900 die Inn der Kilchen ergernus gebind, oder
836 1860 2258 2004 suiventinde wie dan dasselb ist, Die selben
804 1974 1173 2059 verbannen
1419 1957 2290 2082 Welches ick doch gern van
819 2025 2280 2182 dem predicanten von Berum gehort hab Das
825 2140 2275 2307 er Der christenlichen Klichen zugist. Das
831 2245 2265 2403 sy ein empfelch hab zeverbannen, Dann biß
825 2337 2275 2502 har des arm gut from Christ em grossen
802 2421 2320 2595 besten wardt gehept hab (: als sy gemeint haben)
808 2528 2269 2687 von Dem Jann der Kirchen Sitten mal
825 2610 2258 2773 so nun de klerlich gehort ist van Dem Bann
816 2723 2271 2892 muß vsz. not volgen em gewelt. Darumb
