2479 3508
14 766 196 941 Haister denn
18 901 178 1020 In Heiligen
20 980 206 1133 so erhäußt
18 1093 188 1210 lijb gemachte
18 1186 196 1337 6 exsten seyn
18 1311 202 1428 ches Ich gehore
16 1404 212 1523 peert, Antwort
8 1559 188 1774 im Johan
26 1699 127 1844 Inang
55 1824 147 1923 smen
40 1909 186 2058 Der eßel
59 2022 170 2141 burden
26 2872 174 3012 aber dan
1923 131 2070 210 150
885 113 1630 279 Drie viere sthluss rooe
604 188 2117 366 anders ist, weder beweren ein jedes, durch sich
618 341 2081 487 seles (3 dem per seipsum probare) vnser Span
618 424 2093 566 ist, ob die wortt, das ist nun lichnam
624 509 2169 691 mussent wesenlick vnnd substantzlich verstanden,
1182 600 2174 764 vnnd so unser widerpartt by
596 661 865 772 Vereen
606 683 2097 899 Een selben worten,   alls ick woll denck: int
626 804 2119 972 bestan mag So suchen sy om wertt der ver¬
634 903 2117 1067 heissingen Da aber kern verheissung ist, Des
1986 951 2169 1109 vnd
685 994 1862 1135 Sacraments von dem der Vpan ist
638 1087 2119 1273 so sy vas selb ortt bewaren sollende, Ein ver¬
616 1194 2113 1382 heissung sin, So wellennds sy es bewainen
630 1285 2137 1422 mitt den worten, Denen sy disen Ze hillff ge¬
638 1392 2200 1543 nomen hatten, vnnd ist glich ein red sallß so man
636 1473 2226 1646 spricht, worumb luttet man vnd man ant„
618 1563 2145 1751 wurt, Dorinne Das man zu prodig gang vnd
620 1677 2242 1854 so man spricht, warumb gar man zu predig, spricht
624 1784 2230 1943 man widerumb darumb Das man gelutet hatt
590 1883 2210 2022 vnnd helt man die frag widerumb an vnnd
620 1974 2174 2147 spricht worumb hatt man geluwt, So voegt
604 2083 2147 2250 Imer dar, die vordreur g, antwurt vnd nimptt
1111 2157 2210 2335 Allso auch hie/ So man von der
600 2178 881 2323 kein ende
618 2277 2167 2440 Worten Christi wegen Im nachtmall geredt
618 2369 2202 2531 harjn zucht wort, der verheissung so zuicht
636 2466 2151 2588 man wort herInn Die man Dannethin bi¬
632 2563 2202 2721 statten will, mitt eenen, Dormus der Span
624 2650 2131 2818 ist. Demnach so hatt vnnser lieber bruder
630 2773 2186 2919 hutt als gereet Das Das war brot, Das
