2479 3508
90 2374 266 2529 habend
186 2722 317 2885 seca
1991 153 2114 278 46
573 370 2116 567 gerechter, suis epens gleneens, geleben munst
634 505 2073 659 Also muss er ouch die schrifft, vnnd
550 595 2124 751 wort potes, fur sich selbs vartheillen vnnd er¬
557 692 2061 851 kennen/ Ex were sunst int get. glaubende/
548 796 2083 958 des red er int crijssse Lgeruss volgett
577 892 2112 1039 Zum Das, alle Chaissen Samentschafft vnd
956 988 1068 1052 ler
595 988 2132 1134 sonder alle red zu vrcheillen haben, wie
565 1095 2110 1252 Das par Christenlicken ein kilch von Bern
1872 1197 2134 1346 van
620 1195 1776 1351 vff Dyßmael fur genomen hat
563 1281 2140 1475 alle Christen, Das ist die Christi sind
1340 1385 2120 1555 Dann sy den geist¬
559 1389 1308 1567 oucken peijtlich souden
563 1461 2210 1688 Christi habrund zim versomern etc. ende cap: Das
585 1584 2192 1772 aber min her Doctor „ vns zogen hatt/ als
579 1705 2147 1864 ob wir vnbillich ein vnderstheid der bischer
608 1813 2208 1989 so Im uuwen the stament/ wie mans nempt
1917 1917 2130 2081 Das
595 1926 1825 2095 verfasser sind. Das Icken daruff
598 2038 2140 2187 mer dan vor thusent gar derselben vn¬
552 2114 2179 2310 der staeid vnnd vrtheill gemacht ist Durch
573 2239 2138 2415 Die so aben den geist gotes gehept habenn
1917 2363 2151 2498 Dan
552 2357 1870 2509 Den alles gleubgen noch hier by tap
557 2445 2099 2634 Tuswius, Der vor der zijt Constantini
559 2562 2063 2730 Des grossen, gestoriben het melder, Im
571 2679 2108 2852 buch Ecclesiaster Historiae genampt, Im
1655 2793 2185 2967 das souch die
571 2789 1490 2971 Druten buch cap: xvi
