2479 3508
325 811 686 962 ij Timoth: ii
1172 125 2185 296 Die ander Ortichs Schlusfred,
699 255 2300 425 besthriben Kind, Nützit anders Jungehalten vnd
709 398 2324 541 gelert haben, dann das In den geschriben werflijs¬
721 458 2333 603 sig gelasen vnd go wirdt, Dann Sanctus pan¬
717 556 2298 696 lus, von der Christ, do vor der Opostel zitt ge¬
719 621 2275 750 wesen Ist, Also schribt, Vnd diewil en von
705 715 2322 860 kindtheit vf, heilige Christ weist is, Postoriore
715 809 2302 970 ad Limotheum. iiii. Oss dem Spruch Ist clar,
713 901 2304 1056 das nitt witers zu glauben Ist, Dann 60 In
703 991 2300 1142 Biblischer Schrift vergriften Ist, vnd hat der
668 1089 2253 1244 Herr, noch alle Opostel, nützit anders leven
1593 1197 1677 1299 26
711 1211 1058 1348 mogenn,
1213 1277 2002 1452 Johannes buchstab,
721 1442 2343 1656 Das Limotheus die Christen von Jugend v
705 1591 2302 1746 hab gewust, lass Ich bliben, Cas aber ander
709 1687 2347 1793 beren, durch Sanctum Paulum, gelert sind wor¬
705 1777 2316 1924 den, die ouch nitt beschriben sind, wirdt an vil
717 1873 2320 2030 Orten anzogt, Als zijn Romern aen v. zum
705 1979 2310 2122 galathern am. 1. Actuum am xi. am xiii
721 2045 2326 2237 vnd durch vs. In deij geschichtende zwolfbotten
723 2134 2324 2324 Er hat ouch ettliche ding, durch bottsthaft vnd
715 2251 2286 2410 mund vagericht, als er zu den Exhesiern
709 2359 2326 2531 am. vj. Schribt, Also, Das Ir aber wijssen,
713 2445 2296 2600 weliche ding bij mir omd, Oder wie Es bij
703 2539 2337 2682 mir Stande, wirdt vch kundt thun Eichitus
725 2627 2316 2794 Verglichen ouch ad Colossenses. mijr. Eichicus
686 2721 2324 2892 vnd Mesinus, Oollen ich kundt tun alle ring
682 2817 2296 2972 In der andern av Timotheum am. ii. Capittel.
