2479 3508
18 761 117 884 mpt
0 703 107 1164 H.
29 1732 134 1874 acken
18 1956 119 2049 men
23 2038 123 2180 aden
23 2252 163 2388 Sapitel
1135 169 1915 385 Die erst Schlußred
666 346 2094 529 vss. geernt Pstrus Tephas ist griechsten omme by
607 483 2079 629 dutt ein houpt. Item Mathei: am vi ca:
666 574 2067 706 In bist petrus vnne vff den vellsen wirt Ich
1407 662 2088 777 Unne die porten der
668 644 1203 775 bruwen min kroch
652 736 2110 876 hebben werden der nitt mogen wier stan. vnnd
631 829 2086 965 Dir wirtt ich gebenn Dir Schluijssel des Rhuchs
654 917 2102 1051 der hunstln vnne alles das en wirt binden,
691 1006 2112 1166 vff erden, Das wirtt ontbunden sin,, den hunlen
179 963 652 1135 Das wirt ge¬
181 1094 629 1218 bunden sin In
189 1168 636 1267 Den huijstl. vnd
1094 1164 1543 1360 Ves echtoldus
162 1224 689 1378 was du onwindestr
175 1316 448 1450 vff erden
1442 1325 1538 1444 24
757 1413 2162 1617 Crommen Jurgeliebten Christen, der by che¬
660 1561 2114 1705 vatter, hatt In anfang siner red zum puten theill
670 1639 2186 1796 vomser schlußred mitt vier spruchen der posthafft
660 1738 2153 1876 bestettiget. Des ick Im grossen danck weys
670 1829 2151 1979 wie Christus des Jufbussz haeb Sy Das houpt
638 1921 2203 2071 Der Christenlichen gemeene doch so manglet
664 2022 2106 2180 Im Das wir sprechent, er sy ein ening houpt.
267 1966 362 2225 1
658 2125 2139 2262 die wije Inn Eheinem Spruch durch In anhoeren
670 2209 2147 2336 van dem heupt der kilchenn Das wort einig
664 2295 2160 2439 gemeldet werd, sib ich Im zu antwurt, Das nach
671 2392 2172 2544 eignem ermessen, der geschrifft vnnd Eigensthafft,
658 2489 2170 2622 Des houpts / ein gegklichen glouwen verstenop ist,
638 2571 2180 2740 das Christus sys Das einig houpt. Dan Das
670 2680 2112 2838 paulus Spricht, zijn Ephestrn. aus v Caputell.
