2479 3508
275 984 734 1267 # Inen beduret
769 250 2292 486 oder osterlam mitt den Cerimonien vnnd
771 423 2286 594 Sacramenten des nuwen gesatz, als da ist der
771 519 2286 651 touff vnd des hern nacht mael, wo man Morsen
769 624 2286 777 zu Christo verglichet, da ist die figur Oels
744 718 2302 862 wijt von dem Das da bedutet wirt, alls wit
754 801 2259 962 Der schatt vnnd das lecht Wo man aber
765 883 2288 1059 ein Terminij gegen der andern heft, Da findt
769 998 2257 1149 man, gar nach gleiche bedutung, Es hatt die
771 1090 2274 1243 besteindung ein innerliche beschindung In dem
767 1190 2274 1348 geijt zum Rhomern am ij cap: So bedutet vns
781 1297 2290 1478 Der osserlich töff den touff Im geist, Nun
787 1393 2263 1562 secht zu, dem verstand nach, Das die zwen
783 1482 2272 1659 mit wijt von ein andern, sind, besthinten werden
761 1590 2290 1759 Im geist vnnd geconfft werdenn Im geist, also
765 1708 2318 1826 ouch das die allten haben pessen, das oster¬
754 1804 2272 1924 lam vnnd haben unnd habben gewartet des
754 1907 2249 2015 lamlis das mit sinem blut hat sollen hinweg
756 1993 2225 2156 nemen, die sind der welet, vnd so wir des
750 2088 2269 2251 herren nachtmall hallenn mit Dancksagung
799 2184 2302 2363 Das sollches lämlij fuer vns geefoffert worden,
988 2294 2269 2457 So werden wir in gleichem glenbenn
765 2294 895 2459 isz
761 2389 2284 2564 exfunden, zu bestgluss, Jetzunder, das min her¬
759 2499 2274 2678 pfarrer, sich will lieber lassen, finden by dem
730 2609 2274 2778 Agatges denn by dem Luca, vermeint ich
742 2707 2320 2882 er sollt ein klarern Spruch will lieben zu handen
748 2810 2326 2998 nemen, Matheus spricht, mit weinig worten
