2479 3508
25 551 137 671 erkennen
21 665 112 754 shom
39 1575 135 1679 durch
25 1780 139 1861 ein Ex
27 1884 149 1973 warck
27 2056 162 2176 bekendt
216 2584 346 2684 it
1847 176 2052 348 24)
987 151 1737 373 Die erst schlußred
564 346 2149 533 regierung vnnd ordnung halb, hatt er mitsampt
560 477 2149 636 den anndern apostlen, mit sant paulo woll mogen
595 574 2089 742 sagen / Ich han van Inn Christo Jesu geporn
555 682 2182 850 Durch Das snangelien Item actem ii cap.
514 767 2108 902 Hatt er dasselbige ampt auch bewijken, Do er
574 877 2189 1063 sprach würckend buß vnnd werd vwer ein Jegk¬
582 995 2124 1138 licher gethoufft Inn Den ^ namen des hern
570 1098 2126 1246 Jesu, so werdent In empfachen den heilligen
595 1167 2170 1368 geist, Die gesthafften, all vnnd der geichen der
562 1295 2147 1457 man nocht mocht darbringen, belovend Das
541 1401 2143 1565 Een theillis sant peter, hatt gewaekt empfangen
1911 1513 2056 1617 Der
545 1519 1623 1670 vnnd ouch denselbigen gebruche
582 1600 2135 1753 regierung halb der heblichen kirchen Darumb
582 1712 2099 1869 er mitsampt, den anndern ist gesetzt ein furst
1252 1801 1395 1865 xliiij.
564 1816 2089 1979 wer alles erd als am pluij psalmen wyß gesagt
568 1896 2068 2077 ist. Da Dauw spricht, die sind sijn geporn
564 2006 2075 2178 fur die vatter. Die wirst du fürsten setzen
1990 2124 2122 2197 resi
555 2114 2143 2267 wer alles erde, Hatt min petrus das wegende
570 2226 2112 2373 ment geubt vnnd braucht vnd des gewalt
558 2313 2083 2499 empfangen alls bewijrt ist so treit Das ampt
545 2417 1967 2566 Januw Das werck den namen mit Im¬
980 2553 1268 2725 Bucer
1793 2698 1907 2785 „ vnd
493 2700 2155 2885 Wher ler vnns suchen, smen willen, warheit
