2479 3508
1148 123 1868 297 Die ander Schlusbedt
753 256 2322 434 tet, Ist mitt zu verwarten, Dann Dant Paulus
741 383 2333 518 Zu den Philippern am. iij. also Thribt, So to et
759 458 2335 593 was anders exsumetie, das wirdt ouch vijch gott offen
753 548 2318 688 baren, verstan Ich also, So die kistenlicht kelck,
753 632 2310 784 gott dem allmachtigen, etwas zu freund zu lob¬
753 708 2308 853 Seyt vnd ordnet, das Colichs, In traft diser wor
743 800 2290 939 ten, Christenlich bestan möge, Ouch vsz. dem¬
733 890 2298 1056 das Er Im iiii. cap. derselbigen Epistel, ouch also
739 978 2290 1134 Schrift, Lieben bruder, was warhaft Ist, wis
733 1058 2329 1222 Othuyhoftig Ist, was gericht ist, was heilig oder
733 1158 2329 1303 Rein Ist, was billich ist, was eius guten lumb
731 1242 2251 1412 deno, Ist etwan om tugend is, In kraft diser
739 1326 2327 1490 woyen Opruchen Pauli, bestand alle guten chri¬
733 1416 2331 1590 stenlichen ordnungen, Als vfsachung der fast ta¬
735 1512 2296 1688 gen, fijrtagen, gesang, ouch loblich kruijgang,
747 1596 2304 1762 In welichen geschicken ernstliche gebatt, bett.
741 1694 2337 1852 enugen, vnd dancksigungen, fur alle menschen
733 1788 1686 1948 1a ad Limotheum. ij 17
1156 1926 1743 2095 Martinus Butzer
694 2048 2337 2243 Das Eich haltet, lut der zwoijen angezognen Opruc
755 2192 2335 2359 Namlich, das van gott groffenbawet ist, des waer
733 2284 2333 2435 hoftig vnd ersam Ist ii, Das Er aber Exempel
726 2378 2249 2523 wis Inchar zucht von fast tagen, fijctagen, vnd
722 2456 2329 2613 kruchgangen, Tagen wir, das Delich, wie si bisshar
720 2562 2320 2705 gebrucht, om zitt, by einer todsund gebotten worden
739 2634 2329 2785 sind, Das Oird uijtt van gott dem herren, vunder
735 2717 2243 2844 von dem widerchrist, vfkomen sind, vrsach das
726 2795 2294 2947 volck dadurch, van gott dom herren, vff die nichti¬
