<?xml version="1.0" encoding="UTF-8" standalone="yes"?>
<PcGts xmlns="http://schema.primaresearch.org/PAGE/gts/pagecontent/2013-07-15">
    <Metadata>
        <Creator>prov=READ-COOP:name=TrHtr:version=2.41.0:model_id=51170:date=09_03_2026_17:23</Creator>
        <Created>2026-01-27T10:33:54.687+01:00</Created>
        <LastChange>2026-03-09T17:23:43.775+01:00</LastChange>
        <TranskribusMetadata docId="13922579" pageId="112790065" pageNr="200" status="IN_PROGRESS" userId="537" imgUrl="https://files.transkribus.eu/Get?fileType=view&amp;id=ELTPRNAZAKYHDUUOAZVYNGHZ" imageId="95349166"/>
    </Metadata>
    <Page imageFilename="112790065.jpg" imageWidth="2479" imageHeight="3508">
        <TextRegion orientation="0.0" id="tr_1">
            <Coords points="29,778 29,1163 125,1163 125,778"/>
            <TextLine id="tr_1_tl_1" custom="readingOrder {index:1;}">
                <Coords points="28,858 38,856 51,840 81,840 91,848 97,838 113,836 107,779 95,779 89,789 69,787 51,771 40,783 30,777 20,779"/>
                <Baseline points="35,824 62,827 89,830 116,832"/>
                <TextEquiv>
                    <Unicode>warin</Unicode>
                </TextEquiv>
            </TextLine>
            <TextLine id="tr_1_tl_2" custom="readingOrder {index:2;}">
                <Coords points="28,966 38,964 65,923 109,947 115,939 123,939 105,842 89,848 65,840 45,842 28,830 16,846 4,848"/>
                <Baseline points="29,916 61,920 93,926 125,934"/>
                <TextEquiv>
                    <Unicode>ein kein</Unicode>
                </TextEquiv>
            </TextLine>
            <TextLine id="tr_1_tl_3" custom="readingOrder {index:3;}">
                <Coords points="24,1146 51,1138 65,1144 73,1142 89,1152 103,1150 91,1063 79,1065 65,1083 47,1085 42,1095 28,1087 16,1087"/>
                <Baseline points="32,1122 68,1127 104,1131"/>
                <TextEquiv>
                    <Unicode>moi</Unicode>
                </TextEquiv>
            </TextLine>
        </TextRegion>
        <TextRegion orientation="0.0" id="tr_2">
            <Coords points="618,219 618,2892 2236,2892 2236,219"/>
            <TextLine id="tr_2_tl_1" custom="readingOrder {index:1;}">
                <Coords points="1134,310 1174,324 1227,300 1261,324 1294,302 1364,316 1389,292 1423,330 1447,316 1480,336 1595,281 1662,302 1711,273 1717,136 1605,188 1528,180 1494,202 1389,178 1304,233 1198,176 1138,202"/>
                <Baseline points="1146,295 1174,295 1203,293 1231,292 1260,290 1288,289 1317,289 1345,289 1374,289 1402,289 1431,289 1459,287 1488,284 1516,281 1545,279 1573,278 1602,277 1630,277 1659,273 1687,270 1716,268"/>
                <TextEquiv>
                    <Unicode>Die erst Ahluß red</Unicode>
                </TextEquiv>
            </TextLine>
            <TextLine id="tr_2_tl_2" custom="readingOrder {index:2;}">
                <Coords points="1925,344 1951,348 1962,336 1972,336 1982,348 1996,348 2026,318 2036,318 2039,211 2012,217 1994,204 1974,209 1951,233 1929,231"/>
                <Baseline points="1937,292 1963,292 1989,292 2015,291 2042,289"/>
                <TextEquiv>
                    <Unicode>79</Unicode>
                </TextEquiv>
            </TextLine>
            <TextLine id="tr_2_tl_3" custom="readingOrder {index:3;}">
                <Coords points="605,555 820,492 1136,508 1184,557 1269,506 1445,532 1498,482 1589,512 1702,474 1767,522 1836,474 2071,466 2107,393 1897,433 1690,352 1573,421 1405,366 1071,460 739,433 696,389 609,421"/>
                <Baseline points="618,504 692,491 767,489 841,488 916,486 991,486 1065,486 1140,486 1214,486 1289,485 1364,485 1438,483 1513,478 1587,476 1662,471 1737,468 1811,464 1886,459 1960,454 2035,448 2110,447"/>
                <TextEquiv>
                    <Unicode>Darnach ein grosse geschrijv vnnd pomp alls</Unicode>
                </TextEquiv>
            </TextLine>
            <TextLine id="tr_2_tl_4" custom="readingOrder {index:4;}">
                <Coords points="654,603 840,601 923,650 1105,577 1235,624 1455,565 1761,626 1937,547 2083,551 2085,498 1935,470 1763,522 1672,476 1617,512 1500,484 1443,534 1249,520 1186,559 955,502 824,565 656,532"/>
                <Baseline points="665,597 736,589 807,588 878,585 949,583 1021,579 1092,577 1163,576 1234,573 1305,570 1377,570 1448,567 1519,564 1590,561 1661,558 1733,555 1804,551 1875,548 1946,544 2017,542 2089,537"/>
                <TextEquiv>
                    <Unicode>ob ick smer meynung zugefallen waare</Unicode>
                </TextEquiv>
            </TextLine>
            <TextLine id="tr_2_tl_5" custom="readingOrder {index:5;}">
                <Coords points="666,713 960,696 1030,755 1148,688 1405,678 1506,733 1579,674 1783,656 1881,700 1994,662 2030,700 2081,682 2083,603 1947,553 1785,628 1638,632 1453,563 1377,617 1099,605 923,650 668,615"/>
                <Baseline points="677,692 747,683 817,681 888,680 958,678 1029,674 1099,674 1170,674 1240,671 1311,666 1381,665 1451,665 1522,662 1592,659 1663,656 1733,656 1804,656 1874,652 1945,650 2015,646 2086,647"/>
                <TextEquiv>
                    <Unicode>Mein ick sollichs werde sich int erfinden,</Unicode>
                </TextEquiv>
            </TextLine>
            <TextLine id="tr_2_tl_6" custom="readingOrder {index:6;}">
                <Coords points="646,850 775,796 988,796 1061,864 1196,773 1372,808 1423,767 1571,792 1743,747 2085,789 2089,702 1933,672 1798,715 1686,658 1500,735 1417,700 1302,739 1196,686 1032,755 842,694 650,735"/>
                <Baseline points="659,785 730,788 802,784 873,780 945,779 1017,776 1088,773 1160,773 1232,771 1303,767 1375,767 1447,762 1518,757 1590,753 1662,749 1733,746 1805,744 1877,740 1948,738 2020,737 2092,734"/>
                <TextEquiv>
                    <Unicode>by den acten, So ick pot erkenn minen</Unicode>
                </TextEquiv>
            </TextLine>
            <TextLine id="tr_2_tl_7" custom="readingOrder {index:7;}">
                <Coords points="646,911 789,925 846,887 889,927 1018,875 1249,907 1342,864 1573,887 1830,840 1905,877 2091,830 2093,790 1925,747 1796,798 1733,759 1587,796 1508,765 1393,822 1204,781 1067,854 794,796 648,846"/>
                <Baseline points="659,877 730,877 802,877 874,872 946,871 1018,868 1089,866 1161,865 1233,860 1305,859 1377,856 1448,850 1520,844 1592,844 1664,842 1736,838 1807,833 1879,831 1951,826 2023,823 2095,824"/>
                <TextEquiv>
                    <Unicode>Erlösen vnnde der wellen Alsz all from</Unicode>
                </TextEquiv>
            </TextLine>
            <TextLine id="tr_2_tl_8" custom="readingOrder {index:8;}">
                <Coords points="632,994 773,980 826,1032 955,966 1348,964 1389,1006 1449,955 2103,943 2105,872 1769,856 1134,929 1049,887 915,933 840,887 634,927"/>
                <Baseline points="644,976 717,979 790,973 863,967 936,967 1009,964 1082,961 1156,959 1229,958 1302,958 1375,955 1448,949 1521,946 1594,943 1668,939 1741,935 1814,933 1887,928 1960,923 2033,915 2107,913"/>
                <TextEquiv>
                    <Unicode>Christen sollten thun/ sollichs hab ick ge¬</Unicode>
                </TextEquiv>
            </TextLine>
            <TextLine id="tr_2_tl_9" custom="readingOrder {index:9;}">
                <Coords points="646,1085 941,1063 1085,1119 1219,1067 1298,1105 1356,1059 1593,1049 1702,1115 1909,1022 2091,1040 2095,958 1798,939 1623,1018 1456,953 1381,1018 966,964 820,1038 650,1004"/>
                <Baseline points="659,1074 734,1066 810,1064 886,1062 961,1057 1037,1052 1113,1050 1189,1050 1264,1053 1340,1047 1416,1044 1492,1040 1567,1035 1643,1035 1719,1031 1795,1026 1870,1021 1946,1015 2022,1010 2098,1003"/>
                <TextEquiv>
                    <Unicode>than vnd gelert, Es, vnd ick meister Vlrich</Unicode>
                </TextEquiv>
            </TextLine>
            <TextLine id="tr_2_tl_10" custom="readingOrder {index:10;}">
                <Coords points="648,1219 822,1164 893,1202 1326,1144 1377,1188 1636,1140 1761,1190 2028,1103 2144,1174 2205,1063 2122,1002 1702,1113 1597,1051 1336,1107 1219,1067 1022,1119 941,1063 810,1130 652,1101"/>
                <Baseline points="662,1158 739,1163 816,1158 893,1153 970,1149 1048,1146 1125,1141 1202,1140 1279,1137 1356,1137 1434,1135 1511,1131 1588,1131 1665,1128 1742,1125 1820,1118 1897,1113 1974,1108 2051,1102 2128,1096 2206,1095"/>
                <TextEquiv>
                    <Unicode>zwingkly me erkent, hab. Darby middester¬</Unicode>
                </TextEquiv>
            </TextLine>
            <TextLine id="tr_2_tl_11" custom="readingOrder {index:11;}">
                <Coords points="644,1275 1174,1290 1219,1253 1458,1275 1528,1231 1654,1267 1709,1223 1872,1257 2128,1215 2130,1142 1488,1200 1267,1196 1204,1152 1022,1217 814,1166 646,1231"/>
                <Baseline points="656,1265 729,1265 803,1261 877,1256 951,1251 1025,1247 1099,1250 1173,1248 1247,1243 1321,1238 1395,1235 1468,1230 1542,1228 1616,1227 1690,1223 1764,1218 1838,1217 1912,1215 1986,1210 2060,1207 2134,1200"/>
                <TextEquiv>
                    <Unicode>minder ein geistlicher gevollt, nachgelassen</Unicode>
                </TextEquiv>
            </TextLine>
            <TextLine id="tr_2_tl_12" custom="readingOrder {index:12;}">
                <Coords points="648,1383 731,1427 838,1370 1006,1417 1154,1348 1419,1332 1472,1372 1783,1312 2024,1312 2138,1373 2186,1265 1828,1243 1777,1279 1702,1227 1601,1304 1496,1247 1407,1292 915,1255 652,1296"/>
                <Baseline points="660,1362 736,1358 812,1357 889,1352 965,1346 1042,1342 1118,1340 1194,1338 1271,1334 1347,1331 1424,1328 1500,1326 1576,1325 1653,1322 1729,1317 1806,1312 1882,1310 1958,1310 2035,1305 2111,1298 2188,1301"/>
                <TextEquiv>
                    <Unicode>off erde, wie ich dan das clarlich/ an¬</Unicode>
                </TextEquiv>
            </TextLine>
            <TextLine id="tr_2_tl_13" custom="readingOrder {index:13;}">
                <Coords points="640,1504 840,1451 895,1490 1168,1443 1227,1482 1456,1439 1684,1470 1775,1425 1846,1466 1947,1421 2041,1453 2085,1429 2089,1338 1901,1322 1794,1364 1599,1324 1514,1395 1257,1370 1121,1417 644,1383"/>
                <Baseline points="653,1459 724,1451 796,1450 868,1450 940,1447 1012,1444 1083,1443 1155,1439 1227,1437 1299,1432 1371,1430 1442,1428 1514,1427 1586,1425 1658,1420 1730,1415 1801,1412 1873,1408 1945,1404 2017,1401 2089,1400"/>
                <TextEquiv>
                    <Unicode>zeigt hab, mit götlicher gschrifft, soll sich</Unicode>
                </TextEquiv>
            </TextLine>
            <TextLine id="tr_2_tl_14" custom="readingOrder {index:14;}">
                <Coords points="658,1611 980,1601 1263,1530 2109,1536 2111,1447 1834,1474 1775,1427 1686,1472 1221,1496 1180,1451 960,1508 840,1451 662,1510"/>
                <Baseline points="671,1561 743,1551 815,1549 887,1544 959,1542 1031,1540 1103,1534 1175,1534 1247,1529 1319,1526 1392,1522 1464,1524 1536,1522 1608,1519 1680,1518 1752,1513 1824,1510 1896,1510 1968,1510 2040,1505 2113,1495"/>
                <TextEquiv>
                    <Unicode>erfinden by den notarien vnd protestier</Unicode>
                </TextEquiv>
            </TextLine>
            <TextLine id="tr_2_tl_15" custom="readingOrder {index:15;}">
                <Coords points="636,1688 921,1684 1036,1636 1417,1682 1500,1630 1794,1674 1962,1626 2154,1654 2158,1553 640,1609"/>
                <Baseline points="650,1656 725,1650 801,1649 876,1647 952,1642 1027,1637 1103,1638 1178,1636 1254,1636 1329,1632 1405,1627 1481,1627 1556,1626 1632,1621 1707,1618 1783,1618 1858,1617 1934,1615 2009,1612 2085,1609 2161,1606"/>
                <TextEquiv>
                    <Unicode>much hie vor einer gantzen ersamen ge¬</Unicode>
                </TextEquiv>
            </TextLine>
            <TextLine id="tr_2_tl_16" custom="readingOrder {index:16;}">
                <Coords points="648,1753 2089,1747 2217,1727 2221,1630 1806,1690 1549,1632 1437,1692 1126,1646 1043,1707 889,1719 798,1666 648,1709"/>
                <Baseline points="659,1746 737,1744 815,1740 893,1737 972,1740 1050,1737 1128,1734 1206,1731 1285,1731 1363,1731 1441,1728 1519,1727 1598,1722 1676,1722 1754,1722 1832,1719 1911,1716 1989,1713 2067,1708 2145,1706 2224,1701"/>
                <TextEquiv>
                    <Unicode>meine. Das ick meister vlrichs zwingli¬</Unicode>
                </TextEquiv>
            </TextLine>
            <TextLine id="tr_2_tl_17" custom="readingOrder {index:17;}">
                <Coords points="644,1907 731,1852 1020,1830 1194,1915 1289,1834 1494,1866 2083,1818 2190,1866 2192,1715 1834,1796 1682,1761 1352,1798 1257,1749 1166,1804 1002,1761 921,1794 810,1747 644,1804"/>
                <Baseline points="656,1845 732,1841 809,1839 886,1834 963,1828 1040,1830 1117,1830 1194,1830 1271,1832 1348,1827 1425,1829 1501,1825 1578,1826 1655,1824 1732,1823 1809,1823 1886,1821 1963,1818 2040,1816 2117,1811 2194,1809"/>
                <TextEquiv>
                    <Unicode>glauben noch smer leer, int anchengen, noch</Unicode>
                </TextEquiv>
            </TextLine>
            <TextLine id="tr_2_tl_18" custom="readingOrder {index:18;}">
                <Coords points="656,1941 852,1941 962,1998 1101,1931 1545,1956 1690,1913 1854,1976 1929,1919 2132,1925 2134,1816 1785,1877 1607,1828 1532,1879 1198,1911 1020,1830 937,1891 842,1858 658,1903"/>
                <Baseline points="668,1934 741,1937 814,1937 888,1937 961,1934 1035,1928 1108,1931 1182,1926 1255,1925 1329,1922 1402,1922 1475,1919 1549,1916 1622,1913 1696,1910 1769,1911 1843,1910 1916,1910 1990,1907 2063,1906 2137,1904"/>
                <TextEquiv>
                    <Unicode>sin will / Sommers by einigket christen licher</Unicode>
                </TextEquiv>
            </TextLine>
            <TextLine id="tr_2_tl_19" custom="readingOrder {index:19;}">
                <Coords points="630,2045 881,2087 945,2030 1737,2008 1800,2069 1864,2010 2109,2024 2111,1947 1854,1976 1690,1915 1334,1972 1101,1931 958,1998 634,1956"/>
                <Baseline points="644,2033 717,2032 790,2036 864,2033 937,2030 1011,2029 1084,2024 1158,2022 1231,2020 1305,2018 1378,2018 1451,2014 1525,2012 1598,2009 1672,2006 1745,2003 1819,2001 1892,2003 1966,2000 2039,1996 2113,1991"/>
                <TextEquiv>
                    <Unicode>kilchen vnnd loblichem hankomen, beliebenn</Unicode>
                </TextEquiv>
            </TextLine>
            <TextLine id="tr_2_tl_20" custom="readingOrder {index:20;}">
                <Coords points="1008,2190 1140,2126 1279,2152 2034,2101 2101,2140 2130,2014 2041,2049 1889,2010 1806,2063 1735,2006 1455,2061 1421,2028 1012,2049"/>
                <Baseline points="1021,2125 1076,2122 1132,2120 1187,2119 1243,2116 1299,2116 1354,2114 1410,2113 1466,2110 1521,2106 1577,2106 1633,2105 1688,2104 1744,2104 1800,2104 1855,2102 1911,2101 1967,2098 2022,2098 2078,2096 2134,2095"/>
                <TextEquiv>
                    <Unicode>vnnd ob es die noot ervordern</Unicode>
                </TextEquiv>
            </TextLine>
            <TextLine id="tr_2_tl_21" custom="readingOrder {index:21;}">
                <Coords points="630,2180 650,2178 680,2150 700,2146 723,2152 755,2138 806,2140 822,2150 848,2128 881,2121 883,2081 830,2083 820,2073 794,2085 785,2073 749,2085 682,2089 670,2077 652,2087 634,2083"/>
                <Baseline points="644,2140 670,2135 697,2130 724,2128 751,2128 778,2128 805,2127 832,2126 859,2124 886,2122"/>
                <TextEquiv>
                    <Unicode>Will</Unicode>
                </TextEquiv>
            </TextLine>
            <TextLine id="tr_2_tl_22" custom="readingOrder {index:22;}">
                <Coords points="640,2290 731,2243 1126,2235 1257,2312 1332,2287 1417,2324 1484,2288 1486,2140 1375,2122 1180,2164 998,2115 897,2164 858,2124 644,2194"/>
                <Baseline points="653,2242 697,2235 741,2232 785,2230 829,2229 873,2227 917,2227 962,2224 1006,2224 1050,2221 1094,2221 1138,2224 1182,2227 1227,2221 1271,2221 1315,2218 1359,2218 1403,2215 1447,2215 1492,2209"/>
                <TextEquiv>
                    <Unicode>wurde Darby zu sterben</Unicode>
                </TextEquiv>
            </TextLine>
            <TextLine id="tr_2_tl_23" custom="readingOrder {index:23;}">
                <Coords points="1166,2417 1204,2405 1241,2427 1348,2379 1449,2417 1520,2391 1583,2397 1599,2393 1605,2310 1557,2288 1516,2290 1484,2314 1460,2298 1417,2324 1356,2298 1283,2296 1257,2312 1207,2292 1170,2310"/>
                <Baseline points="1177,2384 1202,2383 1227,2382 1252,2378 1277,2376 1302,2376 1327,2375 1352,2373 1377,2373 1402,2373 1427,2371 1452,2370 1477,2368 1502,2366 1527,2365 1552,2364 1577,2364 1603,2364"/>
                <TextEquiv>
                    <Unicode>Vingh</Unicode>
                </TextEquiv>
            </TextLine>
            <TextLine id="tr_2_tl_24" custom="readingOrder {index:24;}">
                <Coords points="670,2575 1049,2634 1628,2557 1715,2597 1935,2575 2014,2630 2200,2565 2152,2466 1964,2498 1887,2455 1808,2534 1727,2539 1496,2413 1338,2474 1115,2453 1010,2512 670,2468"/>
                <Baseline points="680,2570 756,2570 832,2569 908,2567 984,2564 1060,2564 1136,2565 1213,2567 1289,2566 1365,2569 1441,2570 1517,2568 1593,2571 1669,2570 1746,2573 1822,2571 1898,2569 1974,2564 2050,2564 2126,2560 2203,2555"/>
                <TextEquiv>
                    <Unicode>romen Christen Das sich der pfarren</Unicode>
                </TextEquiv>
            </TextLine>
            <TextLine id="tr_2_tl_25" custom="readingOrder {index:25;}">
                <Coords points="654,2692 1302,2664 1962,2717 2164,2666 2164,2565 2049,2634 1879,2579 1759,2624 1196,2638 814,2585 654,2609"/>
                <Baseline points="665,2663 740,2669 815,2667 890,2663 965,2663 1040,2663 1115,2663 1190,2663 1265,2663 1340,2666 1416,2669 1491,2669 1566,2669 1641,2671 1716,2669 1791,2671 1866,2670 1941,2669 2016,2667 2091,2662 2167,2657"/>
                <TextEquiv>
                    <Unicode>bezuft wie er int mins glaubens sie vnd</Unicode>
                </TextEquiv>
            </TextLine>
            <TextLine id="tr_2_tl_26" custom="readingOrder {index:26;}">
                <Coords points="638,2783 1162,2769 1267,2832 1334,2771 1449,2810 1591,2771 1700,2822 1753,2771 1866,2800 1931,2761 2020,2818 2160,2759 2160,2698 2107,2694 1832,2727 1502,2686 1397,2735 1298,2662 1209,2717 1083,2670 964,2723 638,2696"/>
                <Baseline points="650,2764 725,2761 801,2761 877,2761 952,2761 1028,2761 1104,2761 1179,2761 1255,2762 1331,2765 1407,2767 1482,2767 1558,2766 1634,2764 1709,2764 1785,2761 1861,2763 1936,2758 2012,2756 2088,2754 2164,2752"/>
                <TextEquiv>
                    <Unicode>hat aber dabey gester offentlich vergechen, er</Unicode>
                </TextEquiv>
            </TextLine>
            <TextLine id="tr_2_tl_27" custom="readingOrder {index:27;}">
                <Coords points="644,2875 933,2864 998,2907 1085,2860 1247,2921 1611,2871 1741,2941 1868,2873 2233,2883 2233,2804 2121,2755 2010,2820 1931,2761 1680,2832 1605,2773 1265,2830 1121,2771 939,2838 769,2763 644,2812"/>
                <Baseline points="656,2863 735,2860 814,2856 893,2854 972,2857 1051,2859 1130,2861 1209,2863 1288,2863 1367,2865 1446,2867 1525,2869 1604,2863 1683,2863 1762,2863 1841,2859 1920,2854 1999,2852 2078,2850 2157,2847 2236,2842"/>
                <TextEquiv>
                    <Unicode>erkenne get. den hern Jesum Christum sinen</Unicode>
                </TextEquiv>
            </TextLine>
        </TextRegion>
    </Page>
</PcGts>
