2479 3508
99 2233 398 2384 voir neuf
2028 166 2142 303 44
520 299 2188 529 Lpistell Jacobi, Aprilipsum vnnd derglichen
1074 463 2106 617 Warumb sollt dan nitt fug
581 474 878 617 annders
594 552 2150 716 vnd macht haben, die gantz gemein, heillig
546 634 2096 828 Christenlich kirchen, den geist der gestrafft
552 729 2113 893 gevrtheillen vnnd anzezeigen van dem sy ge¬
1451 826 2201 975 wie dan der hock „
600 832 1382 1028 thriben sijn werden
552 916 2119 1093 wurdig Johannes sagt, probierend den gest,
678 1059 794 1118 von
558 1047 2146 1165 ob er niet, get. Hierumb billichen min her¬
592 1116 2146 1300 Doctor vermeinen, nit kan, den, Das Die
552 1236 2222 1413 voorschrifft geurtheilet (: wie gehort) mogt werden
1443 1308 2214 1476 off een Spruch machei
510 1369 1049 1489 zum anndern
571 1426 2231 1601 Der die Kirch nit hort, ende hat min her
543 1502 2237 1683 Docter geantzeurt. Das sollicher spruch verstan¬
1656 1656 2016 1773 Mancken
552 1624 1531 1788 den sell overeen van sijnden
564 1708 2155 1904 ein bruder Jun. Den andern sundet, vnnd nit vom
1340 1826 1436 1887 im
562 1822 2110 1995 glauben. Dann Darzu soll richter sin die
992 1927 2117 2083 Eenige wie voll, das allein die
567 1929 893 2085 xestchrifft
546 2024 2125 2186 blosenen wert sind/ muts hern Doctors vnnd
556 2115 2117 2277 mit degeiner yschrifft anzeigt, Dammb Dan
556 2214 2098 2380 gnugsamlichen, een darzu zesagen Sonders
577 2330 2060 2485 so der wyt klar uit vnnd midt vs. minpt
552 2418 2100 2578 darumb etc. dan ouch In dhein andern sinn
550 2528 2056 2675 ze zucken, vnnd getringen, ist, Doch so
550 2624 2056 2776 min Ich an Den verstande des Doctors
1474 2717 2176 2932 Namlich Das, des
541 2725 1321 2892 fur. Den ersten theill
