2479 3508
290 977 464 1188 66
799 303 2276 534 gereffnet hatt, Das min her Senniger be¬
799 452 2260 576 kennen, muss, Ex mogs onder vns oudt
805 549 2247 717 schaffen, so allein mit getencher verschrifft
813 649 1616 784 solls gehandlet werden
1869 673 2213 803 min ist
795 715 2293 893 Ses offenbar wie parens In der annden
1686 834 1831 904 rai
813 841 2247 1007 Vyffell zum Chorinthern iij schreibt, Das
799 927 2318 1112 sz zur saligkeit wijse vnnd den monstehen gots.
778 1041 2213 1209 zu allen guten wercken, geschickt, machett
797 1089 2318 1307 Darumb alles das nit gut sin muss, Das
792 1238 2299 1406 sij werflussig leret vnnd allso so der Senger¬
801 1354 2249 1515 bekennet, Wann die herer, vnd Ir vs.
801 1448 2316 1606 legung nit geleeten solle, So vier vijff er nutzit
786 1547 2320 1711 zesthaffen, bekent er sich, das vnsere Schluß¬
813 1646 2314 1820 reden, Inn gottachen gsthrifft gegrundett, sind
830 1759 2335 1904 Dorumb sy ouch die ware göttliche warheit
2117 1869 2310 2003 Das
1183 1873 1980 2018 Dem herren, sie los
813 1854 965 2033 sind
801 1946 2308 2140 er Inn zu sollicher bekantnus bracht hatt
805 2058 2333 2230 Das er aber Disen hanndell, yott vnde gemeinet
799 2176 2316 2278 Christenlichen klchen, bemlicher vnnd begibt
811 2262 2278 2423 sich geleiben, Dem das die selbige hier Inn
813 2371 2281 2529 glouwe vnnd halles Da Welets pott Das
807 2466 2302 2621 er verstunde sine eijne wort dan die ge¬
811 2569 2268 2730 mein hellig Christenlich kilch allein die
807 2670 2295 2844 recht gluckgen potes sind, vsss. dem wort gots.
799 2753 2320 2938 vier geporen, bij dem beliben sij, dormis
