2479 3508
28 1120 130 1218 jimois
19 1196 136 1292 andert
23 1301 138 1407 euch wir
28 1394 138 1490 laßen -
30 1465 145 1558 Di mit 1
36 1790 143 1922 's christo
30 1909 128 2016 ging
49 2001 145 2107 dicht vor
26 2080 143 2161 all wenigh
30 2163 119 2274 ons
38 2263 132 2344 5 fim
15 2320 140 2437 dert, doch
253 575 356 722 9
841 183 1558 362 Die ander Schlussred
1948 238 2093 338 132
466 294 2063 483 Als da sind verbott der Op ist, der Er, Ounderung der
519 400 2156 517 tag is, Gouerr damitt die gewussen sollen gebunden
522 483 2116 600 werden, Also Ist Es offenbar, Als Christus hiess.
517 577 2124 715 die Christgelarten vff den Stul Noijsi, horen, das
505 660 2156 788 Er nitt gemeint het, das Oi alles annamen solten,
517 737 2112 832 das Oi letten, Er hätte Oi gunst vor Ir her, Mathei,
511 820 2093 952 xvi. nitt gewarnot, Qunder het van dan geredt,
513 890 2122 1043 das Oi vss. dem gesagt Nosi leeten, das waren Soliche
522 977 2127 1109 burduien, die ant Peter Delbs Cagt, weder ende, noch
528 1071 2103 1179 fre vatter, hitten bi tragen mogen, Actorum. xv.
585 1141 2107 1288 zulest, Erc dor acht vatter, mir 80 offt fur¬
517 1230 2093 1386 wirft, der herr lasse sin kilchen nitt, der heilig
507 1309 2080 1458 geist lere Si ouch, Baben ww alles zu, mitt dem
513 1407 2163 1539 zusag, das die kilch, vns die gloúbigen heist, mitt die
505 1479 2112 1601 vom glauben abtratten sind, forigen gewussen, vnd
500 1569 2103 1703 teren der tijfol, anhangen, wie die sind, die Op ist
519 1656 2225 1807 vnd fe verbieten, Das dagt vant Paulus, mitt wir
513 1737 2146 1880 Ooch wie fast die christlich kilch Iren moge, Ist
517 1820 2144 1969 vor hin gesagt, hieruf Tage der Bichtvatter nein,
500 1920 2027 2039 So offt Er welle, die Christ ligt am tag, dero
498 2007 2031 2127 werden die Thafli Christi volgen, was Joch Er
522 2101 1552 2218 vnd om parth, thugenn,
681 2171 1456 2293 Xm ixiiii tag Jennois
760 2233 1352 2369 Moxius grad,
466 2346 2173 2523 In den namen Jesu, Amen, Ersamen, erwirdigen,
492 2461 2054 2612 wijsen, vnd Ir all versamnet fromen christenn,
492 2552 2135 2680 Gestern hatt Ich furgehalten, Eetlich Spruch zijbe:
498 2638 2142 2770 waren, das die christen menschen, schuldig wa¬
492 2708 2188 2865 ren, zuhoren die gebott der heiligen gemeinen christ:
505 2799 2099 2940 lichen kolchen, Wamlich Luce am v. Eer vch
