2479 3508
765 234 2213 441 schroffnet, Im Durchgang Des retten Mers
749 394 2299 565 In spijssing Des himel brots vnd In anndern
725 485 2211 645 wunder wercken, Durch Moysen verfassen
765 587 2221 743 soll nun die figur, oder breutung des lebs
749 681 2245 849 Christi nutzlich oder gutt sin/ wie viel mer
729 777 2251 955 das wesenn, dass dadurch bientet over denn
1664 883 2275 1029 Das Christus nit
757 895 1456 1069 sell, ann Im selber
755 987 2245 1163 allein genossen lijblich aus geist vnd glauben
761 1067 2325 1262 sounders ouch gekruyget vnnser sijnde bezalint
1638 1185 2323 1362 Derglichen ouch werden
771 1202 1316 1332 confruchtbar ist
761 1286 2311 1444 Dysen spruch/ es ein erklaring ist, die der
755 1390 2217 1576 geschrifft also zugeven sin mochte, Durch
743 1424 2317 1618 welches löblichs anruren mit byweseneem geist
753 1592 2299 1774 die vssetzigen gereiniget worden, Sollt nu des
759 1698 2277 1878 lijb oder fleißen, vnmitz sin Das vsz. Dem
773 1816 2339 1978 heilligen geist empfangen In Dem alle volkomen,
759 1906 2349 2067 heitt der pothen hatt gewont zyn Collossen: ij ca:
777 2003 2305 2175 tregt vff Im disen verstand, thut es der
1414 2113 2295 2291 Das ist so ers In sinem
765 2113 1322 2265 niensten geijtluck
759 2209 2337 2393 hertzen thut, so ist es gutt vnnd nützlich van
741 2303 2345 2505 wie die kunst macht vffgeblasen fur sich selbst
857 2435 2327 2609 wer mitt der liebe, so ist sy mitzbar Also
793 2535 2305 2699 onch da lijb Christi int allem gecrutziget,
785 2613 2313 2804 sonder ouch lijblich genossen mit dem gen.
785 2713 2347 2904 niet vinnuijgen sin mag, so viel ist vnser verstand
779 2830 2335 3014 bij disen spruch Dan wo Dabe. stund. Das
