2479 3508
779 275 2255 531 Wie Ir hie versamlet sind, Durch gotts
773 444 2251 626 willen / was meijnung dan Jeder sy
800 546 2249 707 undt an mich zezunnen, ob ick stt was
779 643 2296 833 wurde reden Das glich nit Jepklichem nach
800 775 2269 928 sinem gloubden, gefiell, Dan ick protestier
802 860 2242 1042 mich vnnd bezug hie offentlich vor gott
794 973 2286 1159 vnnd den fromen Christen, Das ick mit
765 1058 2211 1234 Gussen vnnd willen, oder mit kijb vunden
775 1176 2257 1337 frauenheit int will oder beger furzeuemen
765 1271 2261 1453 wider den waren rechten, christen lichen
777 1387 2244 1548 glouben/ wider den rechten verstand des
787 1517 1482 1674 heblichen gotsworts
1680 1500 2304 1682 Unnd ob nur das
798 1602 2294 1792 begegnete, (da got vor se) So will ich es
1938 1736 2277 1876 vytt pro¬
790 1715 1637 1883 Ien widerrufft haben
802 1802 2296 1982 testier Ich oncq Das durch mus dispu¬
796 1934 2290 2129 tierens willen/ Dem gemeinen Christenlichen
787 2046 2269 2205 glouben, Dhem nachtheill soll er wachssen,
773 2153 2273 2321 Ich will ouch fur niemands despuneren
760 2234 1513 2441 Dan fur mich selbst
1992 2292 2286 2441 25 har
773 2364 2298 2546 sich begeben, Inn erlichen antwurten dero
760 2470 2319 2662 Die Espntiert hand / von Dem Spruch /
744 2585 2273 2769 Matheij xvi cap: Da Christus zu
781 2691 2292 2906 pntro. besprochen hat, Ich wijre dir
