<?xml version="1.0" encoding="UTF-8" standalone="yes"?>
<PcGts xmlns="http://schema.primaresearch.org/PAGE/gts/pagecontent/2013-07-15">
    <Metadata>
        <Creator>prov=READ-COOP:name=TrHtr:version=2.41.0:model_id=51170:date=09_03_2026_17:24</Creator>
        <Created>2026-01-27T10:34:43.270+01:00</Created>
        <LastChange>2026-03-09T17:24:36.239+01:00</LastChange>
        <TranskribusMetadata docId="13922579" pageId="112790502" pageNr="577" status="IN_PROGRESS" userId="537" imgUrl="https://files.transkribus.eu/Get?fileType=view&amp;id=CFCFJYVLHHQWNVKHJIUEJBCO" imageId="95349569"/>
    </Metadata>
    <Page imageFilename="112790502.jpg" imageWidth="2479" imageHeight="3508">
        <TextRegion orientation="0.0" id="tr_1">
            <Coords points="355,1704 355,1984 618,1984 618,1704"/>
            <TextLine id="tr_1_tl_1" custom="readingOrder {index:1;}">
                <Coords points="367,1817 405,1845 448,1825 486,1855 542,1847 601,1864 621,1702 569,1723 554,1710 527,1725 518,1717 488,1725 458,1708 420,1657 388,1655"/>
                <Baseline points="382,1797 408,1800 434,1800 460,1797 486,1793 513,1788 539,1784 565,1780 591,1778 618,1776"/>
                <TextEquiv>
                    <Unicode>G3</Unicode>
                </TextEquiv>
            </TextLine>
            <TextLine id="tr_1_tl_2" custom="readingOrder {index:2;}">
                <Coords points="341,1975 358,1983 390,1979 403,1994 418,1996 461,1958 490,1960 493,1864 473,1864 461,1851 446,1866 429,1874 418,1868 399,1883 380,1874 375,1879 345,1874"/>
                <Baseline points="355,1946 383,1948 411,1946 439,1944 467,1943 495,1943"/>
                <TextEquiv>
                    <Unicode>114</Unicode>
                </TextEquiv>
            </TextLine>
        </TextRegion>
        <TextRegion orientation="0.0" id="tr_2">
            <Coords points="600,227 600,2996 2364,2996 2364,227"/>
            <TextLine id="tr_2_tl_1" custom="readingOrder {index:1;}">
                <Coords points="972,343 1111,286 1201,324 1262,284 1322,309 1386,281 1516,333 1759,299 1759,168 1670,171 1629,205 1399,215 1318,166 1273,196 1028,154 972,177"/>
                <Baseline points="985,283 1026,280 1067,275 1108,274 1149,274 1190,276 1231,277 1272,277 1313,277 1354,277 1395,277 1436,280 1477,283 1518,283 1559,283 1600,281 1641,280 1682,278 1723,280 1764,286"/>
                <TextEquiv>
                    <Unicode>Die funfte Schlußredt</Unicode>
                </TextEquiv>
            </TextLine>
            <TextLine id="tr_2_tl_2" custom="readingOrder {index:2;}">
                <Coords points="642,424 928,467 1068,424 1122,469 1196,422 1582,422 1627,465 1678,422 1849,461 1962,426 2077,484 2243,441 2243,386 2126,316 2015,367 1868,320 1796,388 1591,333 1456,395 642,299"/>
                <Baseline points="653,409 732,410 812,411 892,411 972,409 1051,412 1131,412 1211,413 1291,415 1370,417 1450,422 1530,423 1610,422 1689,420 1769,420 1849,420 1929,420 2008,421 2088,426 2168,426 2248,429"/>
                <TextEquiv>
                    <Unicode>Christi gottliche geburt, nitt zu ermassen, Es aije</Unicode>
                </TextEquiv>
            </TextLine>
            <TextLine id="tr_2_tl_3" custom="readingOrder {index:3;}">
                <Coords points="635,525 949,505 1032,546 1117,505 1181,559 1273,505 1885,510 2030,565 2101,516 2288,589 2286,471 2179,429 1998,486 1889,429 635,461"/>
                <Baseline points="647,510 729,507 811,505 893,501 975,500 1057,498 1139,498 1221,501 1303,502 1385,504 1468,504 1550,507 1632,507 1714,507 1796,506 1878,507 1960,510 2042,513 2124,513 2206,518 2289,525"/>
                <TextEquiv>
                    <Unicode>huij, daruss ermassen wirdt die ewikert der priester¬</Unicode>
                </TextEquiv>
            </TextLine>
            <TextLine id="tr_2_tl_4" custom="readingOrder {index:4;}">
                <Coords points="657,627 1100,580 1544,601 1606,646 1742,601 2278,610 2105,516 2032,567 1977,516 1480,505 1361,546 1273,505 1186,557 657,527"/>
                <Baseline points="668,606 748,595 829,589 910,587 991,582 1071,582 1152,582 1233,584 1314,583 1394,588 1475,591 1556,591 1637,593 1717,594 1798,591 1879,594 1960,597 2040,597 2121,597 2202,597 2283,600"/>
                <TextEquiv>
                    <Unicode>schaft christi, nach der Ordnung Melchisedech, vnd</Unicode>
                </TextEquiv>
            </TextLine>
            <TextLine id="tr_2_tl_5" custom="readingOrder {index:5;}">
                <Coords points="623,697 2211,706 2222,621 1282,638 1139,582 992,640 621,623"/>
                <Baseline points="635,686 714,681 794,678 874,676 954,671 1033,671 1113,668 1193,668 1273,669 1352,671 1432,676 1512,679 1592,680 1671,680 1751,677 1831,679 1911,680 1990,680 2070,680 2150,682 2230,686"/>
                <TextEquiv>
                    <Unicode>So Ir lang vff dem text ligen, So werden Ir nitt</Unicode>
                </TextEquiv>
            </TextLine>
            <TextLine id="tr_2_tl_6" custom="readingOrder {index:6;}">
                <Coords points="623,791 693,834 808,774 1216,812 1375,768 1518,812 1653,768 1817,800 1934,759 2058,804 2214,770 2115,680 1862,719 1749,678 1508,734 1292,674 921,731 787,678 623,708"/>
                <Baseline points="635,770 714,770 793,769 872,767 951,767 1030,766 1109,763 1189,761 1268,761 1347,761 1426,761 1505,761 1584,761 1663,761 1743,760 1822,761 1901,758 1980,759 2059,761 2138,761 2218,764"/>
                <TextEquiv>
                    <Unicode>finden, das Melchisedech, win und brot geopfrot</Unicode>
                </TextEquiv>
            </TextLine>
            <TextLine id="tr_2_tl_7" custom="readingOrder {index:7;}">
                <Coords points="642,881 1339,844 2243,879 2243,789 1983,802 1932,757 1864,802 1358,770 864,817 798,778 642,823"/>
                <Baseline points="653,856 732,856 812,853 892,851 972,847 1051,844 1131,844 1211,844 1291,844 1370,842 1450,843 1530,841 1610,841 1689,843 1769,844 1849,844 1929,847 2008,850 2088,852 2168,850 2248,853"/>
                <TextEquiv>
                    <Unicode>gab, dem Abraham, darumb oo werden Ir ouch</Unicode>
                </TextEquiv>
            </TextLine>
            <TextLine id="tr_2_tl_8" custom="readingOrder {index:8;}">
                <Coords points="635,966 949,943 1039,989 1297,930 1546,977 1685,928 1810,987 1906,966 1964,1024 2049,964 2190,1011 2190,887 1870,847 1821,883 1476,855 1407,906 1303,851 635,894"/>
                <Baseline points="647,940 724,943 801,940 879,936 956,931 1033,928 1111,928 1188,928 1265,928 1343,928 1420,928 1497,928 1575,929 1652,927 1729,928 1807,928 1884,930 1961,935 2039,943 2116,954 2194,958"/>
                <TextEquiv>
                    <Unicode>nitt bijbringen, das die Mass ein Opfer sije 124</Unicode>
                </TextEquiv>
            </TextLine>
            <TextLine id="tr_2_tl_9" custom="readingOrder {index:9;}">
                <Coords points="1126,1117 1243,1158 1382,1105 1738,1105 1738,1051 1670,1051 1646,1028 1576,1071 1555,1049 1437,1047 1309,960 1184,1007 1126,989"/>
                <Baseline points="1137,1092 1167,1094 1197,1095 1227,1095 1258,1095 1288,1095 1318,1095 1349,1095 1379,1095 1409,1095 1440,1095 1470,1095 1500,1095 1530,1095 1561,1095 1591,1095 1621,1093 1652,1092 1682,1093 1712,1095 1743,1092"/>
                <TextEquiv>
                    <Unicode>Egidius muwer,</Unicode>
                </TextEquiv>
            </TextLine>
            <TextLine id="tr_2_tl_10" custom="readingOrder {index:10;}">
                <Coords points="644,1329 1653,1290 1832,1356 2173,1286 2352,1307 2354,1220 1608,1250 1397,1171 1301,1265 1081,1207 1009,1258 840,1177 717,1280 646,1273"/>
                <Baseline points="656,1313 741,1310 826,1310 911,1305 996,1302 1081,1300 1166,1298 1251,1298 1336,1298 1421,1298 1507,1295 1592,1292 1677,1292 1762,1295 1847,1298 1932,1298 2017,1297 2102,1292 2187,1292 2272,1292 2358,1301"/>
                <TextEquiv>
                    <Unicode>I ick dein vnd mir andtwu't het geben her Gerch:</Unicode>
                </TextEquiv>
            </TextLine>
            <TextLine id="tr_2_tl_11" custom="readingOrder {index:11;}">
                <Coords points="659,1420 1309,1386 1469,1450 1535,1388 1655,1384 1806,1446 1960,1382 2196,1442 2359,1397 2359,1331 1887,1314 1838,1356 1727,1303 1527,1358 1292,1297 985,1367 659,1337"/>
                <Baseline points="671,1406 755,1400 840,1397 924,1391 1009,1389 1094,1385 1178,1386 1263,1385 1348,1385 1432,1385 1517,1382 1602,1379 1686,1379 1771,1379 1856,1379 1940,1379 2025,1380 2110,1377 2194,1373 2279,1373 2364,1382"/>
                <TextEquiv>
                    <Unicode>told, wie Melchisedech zije ein figur Christi gesin¬</Unicode>
                </TextEquiv>
            </TextLine>
            <TextLine id="tr_2_tl_12" custom="readingOrder {index:12;}">
                <Coords points="657,1497 949,1491 996,1538 1058,1482 1265,1480 1320,1538 1454,1540 1529,1478 1772,1516 1953,1474 2062,1518 2135,1467 2346,1471 2348,1427 2058,1433 1960,1382 1825,1446 1593,1448 1531,1395 1465,1450 1320,1393 1254,1433 1026,1386 949,1444 659,1420"/>
                <Baseline points="668,1495 752,1492 836,1489 920,1486 1004,1483 1089,1478 1173,1475 1257,1474 1341,1474 1425,1474 1510,1472 1594,1471 1678,1471 1762,1468 1846,1465 1931,1465 2015,1464 2099,1461 2183,1459 2267,1459 2352,1456"/>
                <TextEquiv>
                    <Unicode>Zu dem ersten, sijn Pr gesin een kung der gerachti¬</Unicode>
                </TextEquiv>
            </TextLine>
            <TextLine id="tr_2_tl_13" custom="readingOrder {index:13;}">
                <Coords points="646,1608 1041,1608 1122,1565 1412,1616 1538,1572 1736,1644 1898,1559 2258,1572 2258,1506 2192,1467 2060,1518 1956,1476 1770,1516 1520,1484 1448,1540 1060,1480 874,1561 648,1499"/>
                <Baseline points="659,1588 739,1585 819,1582 899,1580 979,1573 1060,1570 1140,1567 1220,1564 1300,1565 1380,1564 1461,1564 1541,1567 1621,1565 1701,1562 1781,1560 1862,1561 1942,1558 2022,1558 2102,1555 2182,1549 2263,1549"/>
                <TextEquiv>
                    <Unicode>keit uij, Disz Ordnung, durch hern werchtolden</Unicode>
                </TextEquiv>
            </TextLine>
            <TextLine id="tr_2_tl_14" custom="readingOrder {index:14;}">
                <Coords points="657,1700 1996,1655 2179,1706 2352,1668 2354,1548 2143,1602 1900,1563 1429,1619 659,1606"/>
                <Baseline points="668,1677 752,1674 837,1668 921,1665 1006,1660 1090,1656 1175,1656 1259,1656 1344,1653 1428,1652 1513,1650 1597,1650 1682,1650 1766,1651 1851,1650 1935,1648 2020,1648 2104,1645 2189,1644 2273,1639 2358,1642"/>
                <TextEquiv>
                    <Unicode>Ingefurt, verneinen wir nitt, Cas Er wer gesprocht:</Unicode>
                </TextEquiv>
            </TextLine>
            <TextLine id="tr_2_tl_15" custom="readingOrder {index:15;}">
                <Coords points="653,1766 759,1815 1203,1749 1369,1819 1636,1740 2101,1744 2205,1789 2314,1766 2316,1712 1851,1651 1783,1697 1126,1655 655,1704"/>
                <Baseline points="665,1764 747,1764 830,1762 913,1753 996,1749 1079,1743 1162,1743 1244,1743 1327,1743 1410,1746 1493,1743 1576,1741 1659,1740 1742,1743 1824,1740 1907,1737 1990,1735 2073,1734 2156,1733 2239,1730 2322,1728"/>
                <TextEquiv>
                    <Unicode>en hat, wir finden Im text nitt, das welchist:</Unicode>
                </TextEquiv>
            </TextLine>
            <TextLine id="tr_2_tl_16" custom="readingOrder {index:16;}">
                <Coords points="608,1868 1132,1832 1657,1887 1732,1830 2118,1866 2237,1825 2322,1866 2324,1751 1894,1798 1633,1742 1367,1817 610,1772"/>
                <Baseline points="620,1857 705,1857 790,1852 875,1844 961,1839 1046,1833 1131,1830 1216,1828 1302,1830 1387,1830 1472,1833 1557,1833 1643,1830 1728,1827 1813,1828 1898,1827 1984,1825 2069,1822 2154,1823 2239,1818 2325,1818"/>
                <TextEquiv>
                    <Unicode>dech, wraeke win vue brot vfgeoprot habe, Cas</Unicode>
                </TextEquiv>
            </TextLine>
            <TextLine id="tr_2_tl_17" custom="readingOrder {index:17;}">
                <Coords points="642,1938 2297,1919 2297,1840 644,1881"/>
                <Baseline points="653,1931 735,1934 817,1931 900,1926 982,1923 1065,1924 1147,1921 1229,1922 1312,1925 1394,1925 1477,1922 1559,1921 1641,1919 1724,1916 1806,1916 1889,1914 1971,1914 2053,1910 2136,1907 2218,1904 2301,1910"/>
                <TextEquiv>
                    <Unicode>haben wir nitt vormals vermeindt, Quiders fr</Unicode>
                </TextEquiv>
            </TextLine>
            <TextLine id="tr_2_tl_18" custom="readingOrder {index:18;}">
                <Coords points="648,2043 964,2017 1062,2092 1117,2039 1216,2083 1284,2030 1346,2069 1813,2015 1934,2077 2043,2011 2305,2007 2307,1904 1896,1970 1849,1924 1612,1973 1486,1926 1425,1970 648,1953"/>
                <Baseline points="659,2015 741,2021 824,2021 906,2016 989,2016 1071,2018 1154,2015 1236,2015 1319,2015 1401,2015 1484,2015 1567,2014 1649,2011 1732,2009 1814,2009 1897,2007 1979,2001 2062,1999 2144,1993 2227,1988 2310,1994"/>
                <TextEquiv>
                    <Unicode>habe es ufgeoptot gott dem allmachtigen zu lob</Unicode>
                </TextEquiv>
            </TextLine>
            <TextLine id="tr_2_tl_19" custom="readingOrder {index:19;}">
                <Coords points="653,2122 970,2147 1056,2105 1184,2160 1559,2101 1676,2156 1789,2092 2307,2101 2307,2030 2203,2015 1938,2075 1810,2015 1207,2088 1047,2090 964,2017 915,2060 655,2058"/>
                <Baseline points="665,2101 747,2104 829,2104 912,2104 994,2106 1077,2104 1159,2101 1241,2101 1324,2104 1406,2103 1489,2102 1571,2100 1653,2097 1736,2092 1818,2092 1901,2089 1983,2087 2065,2083 2148,2082 2230,2083 2313,2083"/>
                <TextEquiv>
                    <Unicode>vnd zij frs. von des wortlis weegen das darby dat,</Unicode>
                </TextEquiv>
            </TextLine>
            <TextLine id="tr_2_tl_20" custom="readingOrder {index:20;}">
                <Coords points="655,2207 1015,2246 1196,2205 1256,2248 1572,2188 1802,2228 1902,2179 2211,2190 2211,2135 2047,2088 1678,2156 1557,2101 1497,2152 1416,2103 1169,2164 1053,2105 970,2150 729,2113 657,2147"/>
                <Baseline points="668,2194 745,2200 822,2203 900,2198 977,2193 1054,2191 1132,2188 1209,2188 1286,2188 1364,2188 1441,2188 1518,2188 1596,2188 1673,2191 1750,2185 1828,2184 1905,2179 1982,2176 2060,2173 2137,2169 2215,2167"/>
                <TextEquiv>
                    <Unicode>ke Ist gesin een priester des hochsten, Nun</Unicode>
                </TextEquiv>
            </TextLine>
            <TextLine id="tr_2_tl_21" custom="readingOrder {index:21;}">
                <Coords points="650,2352 725,2301 996,2324 1088,2284 1220,2359 1378,2288 1422,2335 1591,2278 1838,2327 2062,2265 2162,2301 2260,2275 2263,2167 2069,2241 1917,2182 1813,2228 1621,2231 1578,2188 1258,2246 653,2241"/>
                <Baseline points="665,2289 745,2292 825,2286 905,2284 985,2281 1065,2274 1145,2271 1225,2274 1305,2274 1385,2274 1465,2274 1545,2274 1625,2276 1705,2274 1785,2273 1865,2274 1945,2271 2025,2266 2105,2263 2185,2262 2266,2263"/>
                <TextEquiv>
                    <Unicode>gehoort einem priester zu, das Er opfere 1 Art.</Unicode>
                </TextEquiv>
            </TextLine>
            <TextLine id="tr_2_tl_22" custom="readingOrder {index:22;}">
                <Coords points="653,2431 921,2367 1593,2365 1764,2418 2026,2348 2233,2395 2316,2361 2316,2301 2216,2260 1883,2329 1593,2275 1303,2335 1192,2275 1085,2337 1039,2292 655,2352"/>
                <Baseline points="665,2379 747,2374 830,2373 913,2368 996,2366 1079,2360 1162,2361 1244,2361 1327,2359 1410,2361 1493,2360 1576,2358 1659,2360 1742,2358 1824,2358 1907,2355 1990,2350 2073,2346 2156,2343 2239,2343 2322,2346"/>
                <TextEquiv>
                    <Unicode>Er min win vnd brot harfür getragen, von des</Unicode>
                </TextEquiv>
            </TextLine>
            <TextLine id="tr_2_tl_23" custom="readingOrder {index:23;}">
                <Coords points="629,2491 1032,2457 1207,2525 1254,2478 1333,2512 1401,2457 1544,2499 1672,2455 1932,2463 1981,2514 2064,2459 2271,2459 2252,2344 2000,2354 1915,2420 1358,2367 631,2414"/>
                <Baseline points="644,2460 725,2466 807,2463 888,2460 970,2457 1052,2457 1133,2456 1215,2457 1297,2457 1378,2457 1460,2457 1542,2455 1623,2454 1705,2453 1787,2451 1868,2448 1950,2443 2032,2442 2113,2439 2195,2439 2277,2439"/>
                <TextEquiv>
                    <Unicode>wegen, das Er priester Ist gesin, muss frs Je</Unicode>
                </TextEquiv>
            </TextLine>
            <TextLine id="tr_2_tl_24" custom="readingOrder {index:24;}">
                <Coords points="642,2555 960,2608 1105,2550 1708,2589 1921,2540 2205,2593 2314,2540 2316,2467 2064,2461 1983,2512 1674,2455 1290,2516 1252,2480 1205,2525 1164,2486 808,2514 759,2467 642,2501"/>
                <Baseline points="653,2549 736,2554 819,2556 902,2552 986,2551 1069,2549 1152,2549 1236,2549 1319,2547 1402,2544 1486,2543 1569,2540 1652,2540 1735,2540 1819,2538 1902,2535 1985,2534 2069,2534 2152,2535 2235,2534 2319,2537"/>
                <TextEquiv>
                    <Unicode>auch gropfrot haben, dann diss wortli kunnen, gitt</Unicode>
                </TextEquiv>
            </TextLine>
            <TextLine id="tr_2_tl_25" custom="readingOrder {index:25;}">
                <Coords points="644,2653 862,2687 1220,2651 1288,2702 1333,2659 1606,2651 1768,2721 2092,2627 2222,2651 2222,2591 1881,2546 1761,2595 644,2591"/>
                <Baseline points="656,2651 734,2651 813,2651 891,2647 970,2645 1048,2642 1127,2642 1205,2640 1284,2642 1362,2642 1441,2641 1520,2636 1598,2636 1677,2633 1755,2633 1834,2632 1912,2630 1991,2627 2069,2626 2148,2628 2227,2633"/>
                <TextEquiv>
                    <Unicode>Vorsach, worumb Ers habe harfur getragenn,</Unicode>
                </TextEquiv>
            </TextLine>
            <TextLine id="tr_2_tl_26" custom="readingOrder {index:26;}">
                <Coords points="1111,2817 1179,2851 1250,2815 1373,2840 1486,2804 1520,2828 1589,2811 1636,2858 1719,2804 1744,2828 1855,2819 1857,2768 1789,2766 1736,2717 1621,2715 1582,2676 1459,2678 1356,2745 1237,2698 1113,2736"/>
                <Baseline points="1122,2806 1158,2812 1195,2812 1232,2809 1269,2809 1306,2809 1343,2808 1379,2806 1416,2806 1453,2803 1490,2803 1527,2805 1564,2805 1601,2803 1637,2803 1674,2803 1711,2803 1748,2801 1785,2801 1822,2803 1859,2803"/>
                <TextEquiv>
                    <Unicode>Berchtoldus haller,</Unicode>
                </TextEquiv>
            </TextLine>
            <TextLine id="tr_2_tl_27" custom="readingOrder {index:27;}">
                <Coords points="589,2977 753,2954 1007,3013 1166,2968 1267,3028 1339,2979 1708,2968 1896,3015 2028,2977 2028,2915 1913,2881 1823,2911 1736,2836 1627,2887 1380,2849 1297,2911 1109,2847 855,2934 589,2840"/>
                <Baseline points="600,2967 671,2968 743,2968 814,2968 886,2967 958,2967 1029,2968 1101,2970 1173,2970 1244,2970 1316,2973 1388,2973 1459,2969 1531,2967 1603,2966 1674,2964 1746,2964 1818,2963 1889,2961 1961,2963 2033,2970"/>
                <TextEquiv>
                    <Unicode>All vwere Red, (thlijst mijt wider uns,</Unicode>
                </TextEquiv>
            </TextLine>
        </TextRegion>
    </Page>
</PcGts>
