2479 3508
2010 207 2096 353 87
964 164 1559 351 Die erst schlußreden
595 324 2154 546 9 as es aber Insonderheit Im Da geleistet sy, vnnd
568 474 2152 613 int den andern zouht an das christus perrum
593 564 2129 691 von den anndern genomen het, Dannanhar
595 642 2154 843 herter ist, Das Das er Im verheissen hett
609 724 2191 913 Macher am xviij capn. in soneers geleistet, hett
615 849 2199 1038 Johannis am lesten fap: Das aber Christus
595 964 2207 1140 Mathei am hem cap: Den gewalt geben
630 1040 2228 1220 hat, zu bineen vnnd zu entbinden, Das het
624 1159 2150 1333 er Inen geleester, Johannes am Ex cap.
615 1233 2267 1469 da er sprach, nement den heilchen geist etc.
1130 1391 1797 1577 Vlxchtolens
669 1520 2201 1793 Den meister Jacob sechs die versach¬
671 1700 2230 1908 Worumb Christus petro Die schlussell
630 1826 2254 2014 verfassen hatt so wurd er verstan das
650 1928 2219 2144 die selbige verheissung all Oostell antrifft
708 2047 2242 2228 dan eben Das perus glaubt vnd bekent
622 2152 2244 2363 har Das Christus sijs ein Sun des lebendi
628 2242 2215 2420 pen. potes, Das hend auch die andern bekent
622 2351 2246 2531 vnd glaubt, Johanus am Sechten, Dorumb
644 2449 2258 2660 haben sy auch die lestung der shlusselen
650 2585 2285 2786 empfangen/ Demnach was er her In bringt
654 2687 2228 2896 Ist alles verantwurter vill falling. Das ei
654 2796 2289 3032 aber vermeint, Petrus sie Insonderheit die
