2479 3508
19 451 137 546 fürstens
19 540 129 626 schen
25 706 152 835 in Wort
17 1082 143 1189 in eins
21 1375 116 1476 wintt
1092 158 2161 361 Die vienden Schlußend 19¬
603 255 2248 472 Is muß Is vor Im mönstehen, en was erkantnus sin,
620 415 2263 552 soll er gelert, mogen werdenn, wen man thusent
603 491 2214 635 har einem vmbekante wort furchub, so wurd doch
609 571 2252 721 einer nichts dester helerter, en verstand dan ouch
1345 658 2307 801 vnnd so aber die wortt 24
633 675 972 808 Die voortt
582 717 2206 896 verstendig sind wurtt der mensch Inwendig er¬
597 835 2187 983 wegt, das er erkenne, Das van dem da geredtt
588 957 2284 1084 Wirtt, Darzu sind verordnet worden, die wort
603 1012 2267 1141 vnnd sine gul. uit geben, sonderliche krafft etwas,
1860 1101 2246 1225 Ober der
633 1116 1744 1244 off zerichten wijters dann gesagt
607 1204 2225 1329 acht pottes, der da erluchtet, der gibt solche er¬
597 1293 2271 1459 kantnus, Es over Jo vss. der wysz, Das wir
612 1379 2233 1495 dem vsserlichen wort mer zugeben van der
609 1472 2233 1630 person, die solliche vsserliche wort redt, damit
620 1560 2277 1729 Paulus spricht er sie int appollo, soe ouch midt wie
628 1666 2271 1816 sollt dan das vsserlich wort solchs hoche krafft
620 1765 2286 1915 han, vnnd solten die wort das machen, oder brin¬
616 1843 2221 2012 gen, Das sy lutend, so wurdent die apostell vnnd
603 1919 2216 2102 alle prediger, all Ir zuhouer gleubig machen, Dan
595 2027 2183 2199 sij reden, Die wort des glaubens vnd wurde
607 2136 2225 2275 Der glone Denen zugefugt, welches alles ab Dem
1198 2229 2227 2381 Alsz ist die würckung des
599 2250 909 2398 weg ist
595 2322 2187 2486 hern, wie wirs haben, Marci am lesten cap:
607 2425 2191 2592 die wort aber vnnd Sacramenten, tragend min
588 2543 1080 2672 Die bedutnus
1172 2575 2039 2786 pfarrer von Santg.
698 2695 2172 2887 off den Jntrag so die wort verheijssend
555 2828 2218 2994 oder beduten ende Sagen wir allso, got. der her¬
