2479 3508
727 310 2197 516 In Dinem namen her Jesu Christ Imenu
754 467 2234 622 Alleß dan her Berchtold, predicant minen herrn
744 553 2192 692 von Bernn van Des Banns wegen, om lange
750 643 2144 780 vmbstchweiffende ree bruchs, Inn wellicher
736 731 2213 863 langer ree/ Er doch bekent, hatt, ein Ban Zusin,
754 809 2203 964 sess sie ein pfarrer, oder em pfarr, Wellichs ich
736 899 2184 1044 gerinn van Im verstanden, hab Dann Der
717 983 2205 1159 Bann ist ein vs. schliessimp der christenenschenn
736 1090 2255 1237 gemeind welcher int gesthechen maij, on gewaet
755 1170 2230 1337 Oo er Dann anzucht stlich missbruch, so ge¬
738 1264 2234 1432 haelten, sien worden, mit dem Bann, oder nitt¬
723 1358 2226 1524 Der kilchen mußbruch zu versprechen, bin ich
1285 1440 2257 1591 Vber loblichen, Christenlick swaff,
738 1490 1016 1576 nit hie
1132 1522 1257 1601 s
746 1538 2249 1662 mugen, einem Christenlichen Rhegiment gegeven
727 1635 2230 1763 Lob ick vnnd dasselb sy zu leben bezucht vns
748 1716 2259 1870 Das ann dis heillig geschrifft, actoru ex cop:
767 1809 2257 1978 wellche allso lutet. Hanne vich acht vnd der
744 1907 2249 2046 gantzen herd, Das ist der Christenlichen ver¬
755 1968 2224 2134 samling Inn welcher vich der heillig geist
748 2079 2234 2255 hatt gesetzt Bisthoff zu regieren die kirchenn
748 2178 2230 2343 gots (welche er hatt werkomen, mit sinem
721 2262 2257 2454 Vhopen farben blut Es hatt ouch paulus ystit
736 2350 2245 2553 zum Exhesern, am iiij cap: Das Jhrisius hab
736 2484 2257 2645 gesetzt ettlich zwolff potten, sittlich propheren
750 2572 2282 2741 ettlich enangelisten, ettlich hirten vnnd ouch leer
732 2647 2262 2819 zu erbuwing des potlichen Diensts vnnd
757 2773 2272 2928 des lijbs Christi ende Inn welchen worten
