2479 3508
16 443 124 536 al
25 509 124 653 J.
23 639 122 707 mesen
27 725 109 787 an
12 783 140 903 gewiss
25 895 148 981 aß vns
17 987 118 1096 oder
27 1084 130 1173 licht
41 1175 153 1290 aller
58 1375 159 1521 ordens
37 1816 144 1900 voor
25 1894 142 2012 vss.
37 1999 150 2127 fort
27 2187 175 2370 Dercert
27 2339 155 2463 enn
31 2461 175 2564 be an-
12 2527 183 2667 in Influij
25 2632 188 2747 so bedachten
12 2737 122 2865 wie
1008 177 1841 369 Die erst Schlußred
657 359 2096 559 houpt Jnflußt In gantzen lee. Das läben vnd
627 507 2102 662 die bewegnus, Also flußt ouch vsz. Christo
612 600 2086 761 Dem houpt der kirchen In alle vereints glider
639 701 2100 861 die gnad die da ist, das labenn der Seel f phe:
695 804 2102 946 C. Got hatt Christum geben een houpt we¬
666 899 2179 1041 alle kuchen, die sin lijb ist, vnnd die volkom¬
672 977 2174 1125 menheit des der alle dus In allen hat erfult¬
649 1070 2145 1233 Item Dasselbst am vierden Cappittell wir sollen
670 1173 2213 1331 thun, die warheit, vnnd allso In Im wachssen
643 1276 2166 1406 Durch alle Dins, der das houpt ist vß welchem
629 1364 2191 1521 Der gantz lijb ist zesamen gehefft, vnd geknüpfft
651 1457 2090 1612 durch ein jedes gleich der vßtheilung der
657 1548 2086 1704 nach wurckung In die wass emes gesklichen
666 1663 2127 1803 glids vnnd allso machet das zu nemen des
660 1748 2073 1896 lijes zu erbuwung sin selbes Inn Der lieben
643 1799 2183 1995 Item Dasselbst am v Caperex Christus Ist das
662 1942 2110 2094 houpt der kircken vnnd er ist der heele¬
672 2030 2119 2172 macher gres lees Dis Spruch vnd der¬
672 2123 2071 2286 glichen Zeigen an Das Christus ist Das
657 2209 2113 2385 houpt der kirchen von dem Influß des
655 2323 2092 2481 houpts Inn Een lijb der Kirchen, sint Joos
653 2438 2098 2587 bapt: Johanus i: von siner voely hand over
660 2516 2146 2692 all genomen, gnad vins gnaden wenn, das
655 2617 2146 2784 gesatz ist Durch Mjersen geben, Die gnad vnd
657 2723 2178 2892 warheit ist besthecken, Durch Jesum Christum
