2479 3508
231 672 633 788 Ouch gieuor am
248 763 567 881 xiiij blaet
774 280 2202 511 Vyffs vnnd Jaren boid sind g sin ein
788 439 2266 614 fuhrn des einigen Christi, zum Hebrehern
778 539 1650 705 am iii, v vnd vi cap:
1831 556 2230 692 Danachin
793 597 2193 804 Der spruch voorss. Luta ist vor Dryen
789 741 2238 892 tafen verantwurtet, ich lassz much an die
765 857 957 965 acta
1431 952 1926 1161 Blig Murer
898 1099 2249 1325 Wix ist noch int gunst bestehecken vnd
793 1256 2275 1422 Wills Darby lan belieben Ich besilck min
773 1357 1528 1525 theill der versteurifft
1321 1463 2176 1726 Meister Jacob Edlbach
860 1652 2243 1866 Alß Her Durchroed In der antwort
810 1818 2195 1980 Meister Niclus von Zoffingen geredt hett
778 1922 2225 2111 Christum nemen ein Ingelibet howpt der
1853 2064 2204 2167 Welches
778 2045 1693 2204 Kilchen sie ein Jnthum
788 2156 2187 2316 ich min ouch gereet hab Dorumb 55
802 2247 2170 2424 mir zu verantwurten stat Opreich ick
782 2342 2159 2536 Christum, ein Ingelebt houpt sin, ist kein
793 2458 2267 2656 Jrthum Go es mit voorss. hasss vss. geleit
789 2562 2290 2740 wirtt / somder Christenlick Darumb neuw
810 2659 2247 2846 sich Innsvnser ingelibet houpt, das
795 2771 2260 2928 er Im selbst die kilchen Jugelibot hett
808 2865 2282 3055 vnnd mit die kirck Ir Innen Damen
