2479 3508
22 1372 117 1455 mest
26 1531 115 1647 bist
26 2469 160 2578 Erwaren
259 519 354 679 66
976 109 1792 327 Die erst Schlußred
1952 141 2067 269 15
610 305 1996 521 Ersten buchs Samuelis. Da gemeldet wirtt
610 449 2067 602 Das gott een Saul zu enn houpt, des volcks
622 548 1006 693 Gesetzen hab
1129 546 2028 699 Da soelt er aber mercken
636 644 2081 776 das Saul ein osserlicher Regent van pot gesetz
622 735 992 877 gewesen ist
1127 744 2075 889 Unne des houpts art In soe¬
610 843 2127 970 lichem vsserlichen regiment, hatt bewesen konnen
634 921 2146 1071 No man aber redenach paulo von Der christen,
634 1016 2063 1164 lichen gemeine welches da sind alle die
630 1107 2101 1257 Im geist nuw geporen, ein götlich leben furen,
622 1200 2158 1315 welches niemand Dan allein der her verlichen
612 1289 2099 1434 mag vnnd ieles thun, sant piters vrund allec
699 1376 2069 1544 postlen, mir ein vsserlicher dienst, durch
1228 1483 1384 1548 witt
642 1485 2156 1632 paulum genempt wind So ist noch int bewert
600 1580 2168 1719 Das (der geschrifft nach zureden) petrus oder einiger
618 1659 2138 1835 anderen gessell gottes, mog een houpt der
616 1740 2206 1915 kilchen genempt werden vnnd sollte der Bicht¬
622 1851 2170 2008 vatter den Spruch pauli, qui vierden Cap: Dec
630 1942 2162 2123 ersten Epistell zum Chorinthern verantwurten, da
628 2051 2170 2220 paulus van Im vnnd sins gluchen sthaet man
636 2154 2174 2313 soll sij haelten fur diener Christi vnnd Schaffner
618 2253 2142 2426 das ist prediger der geheims missen gottes, nemlich
586 2350 2152 2505 Das heillig enangelien D'axan stat es noch Das
2132 2457 2228 2534 mis
634 2461 2127 2618 Er gesthrifft bring, was er gethan, Das es Ine
618 2540 2182 2707 zum houpt machen mes. Christus ist allein der
630 2645 2166 2810 gesteich her, er kan sy eundern, Das sy krefftig sind
618 2748 2204 2911 Sant paulus Petrus leer bringt midt Christus leer
1618 2847 1732 2913 mit
