2479 3508
629 123 2313 419 Das Du muw hast geben, Das ick sollt thun, totz
622 309 2332 497 verklär du much by die selber, mitt der klar¬
581 460 810 581 hert
960 456 2254 597 Welche Ich gehapt hab by dix lb
618 532 2278 711 vnd die wollt wurde der gestallt ouch zum
577 646 2239 826 hebben am ii ca: Du hast In gemindert, ein
566 767 2284 916 weinig, vnder den en gell, derglichen onch aleß er
603 875 2278 1053 ist zugegangen, Zu besten lossenen thuren vnnd vss
607 1011 2315 1174 dem gras exzoiget alles vnd probiert Die vn
588 1126 2271 1256 vss sprechenlicht vereiniging der götlichen natur
603 1230 2341 1437 zue dem Monstglichen wesen, So min vorhin durch
601 1342 2241 1526 min her vnter ingefurt worden ist Er soe der
603 1467 2302 1647 monstcheit nach een vns genomen. In Die vn
1777 1584 2287 1707 welche her¬
635 1573 1666 1744 schbarliche heclykeit gottes
592 1668 2261 1863 ligkeit pottes erfullet, Hamell vnd erden, So ist
661 1748 2332 1986 die gerechte gottes kein somders ortt, vnss disvn
601 1891 2336 2107 allem. Wo der lijb Christi allso in einem sondern
1811 2016 2334 2187 er theophorus
627 2036 1489 2228 ortt, sin musste mochte
599 2142 2302 2345 genant werden, Das is't pott allein, Durch die
603 2243 2287 2436 gnad In Im haben Ist allso endtlich vnser ver¬
631 2380 2274 2520 stande, Doch vorbeh allen, als leegen, wo wir mitt
612 2481 2330 2665 recht glaubtent, oder hultent, Christen licher bericht
2064 2583 2319 2749 Der
586 2598 2025 2782 Darns min Christus lijblich Im brotts
614 2697 2278 2898 Danck Sagnus genossen werden wider den andern
923 2812 1050 2900 5 stuijvers
560 2820 1880 3013 aringkell „ mitt verstanden werden soll
1150 2954 1416 3097 huijsse
