2479 3508
352 2372 447 2498 96
500 2209 593 2351 A
1144 135 1884 310 Die dritt Ochlusred,
732 266 2344 409 Als etc. tot 1 volget schier harnach aen. p. capitel. dar
749 386 2344 540 der fugel zu Cornelis hab gesprochen, om gebitt vnd
736 471 2329 644 Allmusen, sind vfgestigen In die gedachtnis, fur
753 559 2344 730 das angesicht gottes, Eerglich en wirdt ouch fun¬
753 652 2283 789 den bij dem zaligen man Thobia, So Er spricht,
753 736 2315 880 mitt dem Minusen vnd glauben, werden abgereim¬
751 823 1175 975 got die búnd
1192 920 1783 1091 Martinus butzer
734 1080 2321 1277 Der Thabitu halber, Ist der Text clar, da lass Ich
749 1207 2310 1336 bliben, Cornelius gebatt vnd Allmusen, gind von
741 1293 2334 1456 gott angenomen worden, Es dat aber nitt, das sy
732 1376 2344 1536 gott damitt, etwas abuerdienot hätte, Das sine wert
741 1452 2336 1618 gottliche gnad verglichet hatten, Es Ist ouch nitt
757 1530 2315 1669 vbel geredt van Thobia, wiewol dieselb histori nitt
741 1623 2355 1783 Wiblisten Ist, das mitt glaub vnd allmusen, die gun¬
741 1724 2277 1886 den gereinigt werden, Oann Je mer man gott
751 1770 2319 1971 glaubt, vnd den glauben, mitt den wercken der liebe
753 1882 2319 2049 bewist, fe mer die liebe gottes, in uns zunimpt,
747 1939 2351 2135 Je lieber wir dann gott gewunnen, te mer, begick
747 2045 2298 2222 zusunden, fu vns gammwot wirdt, Der Ohul¬
741 2131 2321 2300 meister solt flissig mercken, die Erklärung hern
734 2226 2351 2393 Werchtolden, gütte werck mij man aue vnderlass tun¬
726 2310 2334 2473 Wann man aber, schon alles das gethan hette, das
732 2408 2353 2570 noch nie de henier gemocht hat, was Im gebotten ff
743 2507 2332 2621 noch dannochs ware Er ein vnmuyer knecht, vnd
741 2610 2304 2749 alle sine guten werck, die mochten die gnad gottes
736 2621 2429 2827 noch nitt verglichen, hij dem so sind alle güte werck
732 2764 2355 2901 nitt vnser, zunder des geist gottes, In vns wurckens
