2479 3508
21 710 151 823 Malken
25 810 174 915 llich was
23 898 165 1007 gevallen
23 980 188 1108 gern Herren
25 1392 191 1476 te voftomme
15 1464 174 1581 Auf Fred¬
38 1556 159 1667 Etglus
34 1654 121 1778 viijf
15 1752 182 1863 ur hat
77 1836 186 1933 welc
15 1876 193 2016 r Pol wil
36 1989 184 2110 1 Curg
25 2085 184 2205 dar, das ist
335 1275 477 1417 B6
2031 176 2173 304 141
1026 163 1675 325 Die dritt Oblus stredi
609 295 2192 490 nis. vj.o Es bij dann, das fr werden Essen u, Item Ma:
613 425 2129 546 theiam xvi. Ob Ettlicher mir wil nachvolgen,
607 519 2228 622 Col Sich Calbs verleugnen, sijn kruch vff sich namen,
607 595 2098 735 vnd mir also nachvolgen, Ad Romanos am xii
609 643 2228 842 So din vijend hunger, Co Op ist. Jun. 60 Jun. vuijst,
611 766 1227 873 So trenck hun etc.
965 879 1604 1026 Martinus burger,
609 1038 2154 1235 Der andtwurthalb, vff drij Spruch gestern In¬
586 1147 2073 1323 gezogen, Referier Ich mich vff die Acta, die
611 1193 2224 1361 mijn andtwuet anderst haben, dann Ers Jegen Grafrot
595 1323 2117 1495 hat, Die andren spruch alle samen, diewel Oi
593 1399 2100 1535 nitt bewaren, das ein andrer dienst der Salikeit
601 1487 2201 1662 vnd gung tun sije, dann Christus, so bedorften Si¬
603 1577 2209 1746 de heuier andtwuff, And gnuijg erfleijt In der pro¬
609 1650 2201 1805 bation disers Artickels, So her Verchtold vorhin ga
611 1727 2188 1910 ben hat, Cas wir aber vns, nitt eijgen liden er¬
597 1809 2230 1968 wetten sollen, kunders geduldtig annamen, was
584 1903 2270 2071 vns gott zusendt, bewart ouch gnijgsam die spruch
595 2014 2163 2173 von Im Petts angezogen, Mathei nu xvj. Das
595 2069 2196 2234 wir uns Pubbs hollen verleugnen, feij konnen
599 2146 2205 2324 wir Je, nach vnserm eignen willen niet handlen,
590 2234 2205 2416 zum Colostensern, Omd die erwelten castijeringen
607 2328 1928 2512 von Puulo vorworften, Ad Colossenses. ii.
982 2475 1629 2661 Johannes bijchstab.
565 2642 2140 2831 Die geschrift durck mich bisher Ingefurt, bij
582 2768 2209 2923 derselbigen lass Ich es Jeynnder bliben, verleugnen
