2479 3508
19 604 121 719 r zu
28 816 117 914 23 x
25 901 123 1043 sonstige
19 1022 125 1130 of der
25 1185 125 1317 Den nä
42 1883 140 2014 Sends
25 1984 140 2099 mont
21 2116 138 2220 behcxt
32 2213 129 2296 in moch
146 2135 273 2311 Chorm
2010 195 2126 293 55
782 165 1565 348 Die erst Schlusre
577 339 2116 534 vff Das aller flyssgo st den Doctor, Er wolle
570 485 2126 638 int abtretten, Dan sin reed gestellet ist, allss
591 581 2048 727 ob er vns den angell lassen welle./ 30
583 670 2107 861 Demnach zu verantwurten, Des pronuncials
568 808 2137 969 Inred. bezug Ich much vff dismall wellen
598 895 2135 1073 vff sine vngsthrifftlich gegen wurff, antwunt
589 1001 2150 1155 geben Damit die einfaelts gemeind pottes
2006 1060 2228 1143 cunnen
594 1088 2237 1234 Int verletzet werde, vnnd eenmach meinen
579 1196 2137 1361 mer, wie scharff er vns Joch Smer angraffen
585 1276 2167 1439 Vijt Dann minst herren agandat sollichs
591 1382 2181 1541 erstlich verpoten hatt zum ersten hat der
587 1482 2152 1641 promunae sich aben ernstlich berumpt Ges
589 1573 2116 1738 ob er min bruder Capico mit schrifft ab¬
579 1671 2082 1830 truwen het. Das auch die yschrifft, von
577 1768 2133 1936 genstlichen sollte gericht werden, das ick Da
585 1847 2287 2018 hette wellen verkleiben, witt vch lieben frembden schrifft
562 1959 2232 2126 Ir wellend solcher griffly woll war nemen, wer
551 2039 2139 2220 Die warheit sucht, bedarfft man Ir gar oudt
572 2154 2184 2300 Wan ist onch int hie, was wir zu oder abreden
591 2243 2226 2415 sind zu erlernen, vnnders was die gschrifft
577 2345 2232 2516 zuerst oder int Das die gschrifft von mengk¬
570 2449 2220 2578 lichem der glaubigen gerichtet, Das ist war
577 2542 2177 2701 erkennen werden soll, Haben wir langest ge
591 2644 2148 2807 schriben vnd prediget wie das vnsere bincher
570 2745 2232 2911 ende Insonderheit, Ich den provinciall zu antwort
