2479 3508
671 341 2172 583 comitio keinem Baxst, sind sy gestlich, so
665 498 2185 701 overdent sy fur sich vrtheillen, vnd vns auch
681 600 2201 813 lassen, fur vnns vatgellen. Des halben die
669 717 2179 908 Jetzig Disputatz, gar christenlch furgenemen
673 843 2238 1014 ist, Dan wan schon alle Contilia by ein andern
642 931 2225 1112 Vbren, Darzu ench christenlich vngeclleijt
675 1079 2235 1211 so wirt Dewest, weder mir noch die geholffen
1479 1140 2160 1278 wir hettende dann
671 1148 1232 1293 mogen werden
683 1225 2205 1427 Jeder sin egen vrtheill vnnd erkantnus der
669 1341 2215 1502 Wachet, In smem hertzen, exleruet Durch
699 1445 2195 1622 den peist der warheit, von Wellenhem
677 1555 2156 1736 Der her sagt, Er der gest der war het
687 1673 2219 1831 wirt vijh (mit der Capst, wt die concilia)
675 1770 2207 1955 alle warheit geleven, Johannis am xvi Do¬
675 1892 2221 2053 rumb soude fruwlich verwarnen fromen lieben
677 1990 2197 2183 Christen vor des proninnals leer De
681 2107 2236 2284 Noch behert, entstheijdung In sachen des glou¬
691 2211 2205 2359 bens, ex erst, von einem Concilio zeerwarten,
671 2301 2189 2483 Das doch wie er es schreibt, nie vff erden
693 2388 2205 2589 gewesen ist, vnnd meiner werden, wind Lut
717 2510 2223 2695 smer Exvi wunderreden, die allso lutet dan
2002 2611 2256 2774 muven¬
701 2634 1744 2811 so uit gesthecken mag, das ende
715 2723 2201 2928 merckend hie. Das der provinciat der
