2479 3508
34 1472 154 1615 bre bye
51 1609 156 1740 Ingelyck
29 1761 120 1832 auch
25 1813 128 1957 Kilder
1923 168 2041 293 109
1026 158 1565 337 die erst schenßred
510 326 2089 497 veranterurt fin apostell ist er gewesen, Der mitt
508 442 2089 552 allein noch alle schafflen Christi, wie Im ouch int mog¬
514 501 2127 663 lich gewesen, gevendet hatt, sonder mit andern, vnd hat
514 590 2037 739 parclus me than dan etc. Darumb in kein houpt
514 678 2089 845 Vber die andern mag genennet werden Das er aber
510 767 2157 899 wider min antwort dem provinciat gegeben, diewije
516 840 2188 1017 Christus ouck vnder zweijen oder drijen ist, In sinem
522 944 2132 1127 namen versambet, ein Jede gemeen pottes sich ent¬
535 1017 2102 1215 Jhaessen moge was sy glauben soll, furwurfft ef
533 1142 2045 1297 selle kein besonndre gemein, das ein gantze gemeine
556 1255 691 1314 and d
516 1205 2119 1396 an pottes beschliessen vnnd darumb hetten die
514 1264 2159 1489 In Anthiechia parlum vnd Barnabam, Jan Jherusa¬
520 1415 2081 1554 lem gestohner In der gesteichten der apo: am
520 1474 2169 1693 pro cap: heraaff yrs icen antwort, Das vns
514 1569 2201 1776 hie puerster Jacob ein strafflich exempele fur wurfft
522 1679 2155 1854 Alsz. een ouch wir sullen, nachvolgen, So die In
579 1786 2205 1946 Onthierchia recht hetten, gehandellt, so hetten sy das
510 1896 2066 2066 wortt pottes so Inen paulus ende Barnabas von
514 1990 2127 2153 Christen licher fryheitten, hatten fur getragen, Inn
508 2087 2140 2264 Inen selbst ermessen vnnd angenomen, an vff sechenn
461 2174 2146 2363 vff ander lutt, do aber een vffrun was wordenn,
495 2283 2188 2452 am Zweyffell durch die boßwilligen, vnd die Inner¬
465 2386 2153 2557 Das ansechen Petri Jacobi vnd anderer In Jherusa¬
516 2466 2174 2622 hem wider paulum furwarffen, hatt sich paulus
516 2563 2163 2725 vnnd Barnabas gern beheben der sachen fur de¬
501 2677 2121 2831 selbigen zekomen/ viel lieber hertet er aber gesept. sy
499 2780 2163 2932 en wijter fragen smem einfaltigen pottes wort glocxken
