2479 3508
206 1152 339 1316 226
1177 137 1911 307 Die. viii. Blussred
629 296 2216 446 eben vil gemacht, vnd man si gunst niendert zu
620 402 2159 542 weist zubruchen, dann also fur zeichen zu haben,
633 490 2201 639 vnd man der massen ter allenthalben vnderricht,
627 589 2298 700 das man wel weist, das man die bilder nitt anbatten,
635 685 2298 820 noch mitt gottlicher Er sol halten, Ounder fur zeich¬
629 765 2298 883 en ze haben, Rat Ich, von wagen Ergernus zugaben,
645 860 2266 965 wel zu vermiden, Oi lassen zu bliben, hiemitt wil
645 927 1804 1095 Ich disen Artickel, beschlossen haben,
1177 1053 2069 1232 Meister Vlrich Zwingli¬
568 1240 2203 1386 Sir wussen wol, das die widerstand, die die bilder
627 1341 2296 1493 Ithirmen, baldmussen vfhoren, Oeuerr man vsb.
633 1459 2241 1541 gottes wort reden sol, Aber die Bilder, darumb Ei
627 1541 2224 1646 In bruch komen sind, und man wusse, das Pi nitt
633 1632 2239 1781 zu vereren zijen, moge man diwol behalten, fr:
629 1697 2319 1867 gernus zu vermiden, Erkennen wir ein Red inentst.
629 1791 2262 1947 lichen gütdruckens zijn, dann der gott, der alle duijg
629 1896 2296 2018 weist, fe vnd Bibesthachen, het wol gewust, wann
633 1970 2279 2128 man bilder vfrichte, an traffenlichen opten, das ende
631 2060 2235 2208 nach der Zitt vererot wurden, darumb hat Ers ouch
629 2168 2248 2294 verbotten, wann nun wir vsz. furwich, sagen wel:
629 2258 2233 2372 len, wir mogens wel behalten, So man Oi nitt
629 2334 2258 2475 vereye, und wellens damitt, in genanten Orten
639 2399 2212 2559 behalten, thund wir glich, als der zin tochter last
645 2485 2266 2655 zu aller vppiteit, vnd opricht darzu ende weust wol
635 2580 2264 2740 das Oi recht thun sol, welcher gern bij gefar Ist,
629 2674 2151 2838 der kumpt vmb In der gefar, Ecclesiastici. iii.
624 2765 2285 2916 deßhalb wir wol wussen, was die bilder gehoven,
