<?xml version="1.0" encoding="UTF-8" standalone="yes"?>
<PcGts xmlns="http://schema.primaresearch.org/PAGE/gts/pagecontent/2013-07-15">
    <Metadata>
        <Creator>prov=READ-COOP:name=TrHtr:version=2.41.0:model_id=51170:date=09_03_2026_17:24</Creator>
        <Created>2026-01-27T10:34:31.464+01:00</Created>
        <LastChange>2026-03-09T17:24:23.093+01:00</LastChange>
        <TranskribusMetadata docId="13922579" pageId="112790408" pageNr="482" status="IN_PROGRESS" userId="537" imgUrl="https://files.transkribus.eu/Get?fileType=view&amp;id=XQUNOHJDSNYIBYRPFDUDBTZF" imageId="95349499"/>
    </Metadata>
    <Page imageFilename="112790408.jpg" imageWidth="2479" imageHeight="3508">
        <TextRegion orientation="0.0" id="tr_1">
            <Coords points="35,610 35,775 110,775 110,610"/>
            <TextLine id="tr_1_tl_1" custom="readingOrder {index:1;}">
                <Coords points="28,732 49,726 55,732 74,728 95,739 106,736 89,656 80,658 72,671 57,669 44,688 19,692"/>
                <Baseline points="35,710 60,715 85,720 110,725"/>
                <TextEquiv>
                    <Unicode>maken</Unicode>
                </TextEquiv>
            </TextLine>
        </TextRegion>
        <TextRegion orientation="0.0" id="tr_2">
            <Coords points="38,2485 38,2638 110,2638 110,2485"/>
            <TextLine id="tr_2_tl_1" custom="readingOrder {index:1;}">
                <Coords points="25,2616 36,2616 42,2622 55,2622 78,2601 104,2601 106,2552 93,2552 87,2548 78,2554 70,2546 63,2550 49,2537 44,2542 28,2542"/>
                <Baseline points="38,2588 74,2585 110,2585"/>
                <TextEquiv>
                    <Unicode>uijt</Unicode>
                </TextEquiv>
            </TextLine>
        </TextRegion>
        <TextRegion orientation="0.0" id="tr_3">
            <Coords points="226,2159 226,2438 397,2438 397,2159"/>
            <TextLine id="tr_3_tl_1" custom="readingOrder {index:1;}">
                <Coords points="294,2267 322,2273 332,2269 339,2275 356,2275 370,2262 389,2269 396,2110 385,2108 375,2116 353,2116 347,2110 332,2116 301,2106"/>
                <Baseline points="307,2242 337,2238 367,2237 397,2239"/>
                <TextEquiv>
                    <Unicode>N</Unicode>
                </TextEquiv>
            </TextLine>
            <TextLine id="tr_3_tl_2" custom="readingOrder {index:2;}">
                <Coords points="214,2425 239,2440 256,2440 277,2461 288,2461 309,2442 324,2459 370,2449 372,2307 311,2302 296,2288 275,2286 241,2317 216,2313"/>
                <Baseline points="226,2400 251,2400 276,2400 301,2398 326,2397 351,2397 376,2400"/>
                <TextEquiv>
                    <Unicode>149</Unicode>
                </TextEquiv>
            </TextLine>
        </TextRegion>
        <TextRegion orientation="0.0" id="tr_4">
            <Coords points="450,2124 450,2277 531,2277 531,2124"/>
            <TextLine id="tr_4_tl_1" custom="readingOrder {index:1;}">
                <Coords points="438,2256 449,2256 466,2243 502,2275 523,2275 527,2135 495,2140 470,2165 440,2165"/>
                <Baseline points="450,2227 477,2225 504,2224 531,2224"/>
                <TextEquiv>
                    <Unicode>9</Unicode>
                </TextEquiv>
            </TextLine>
        </TextRegion>
        <TextRegion orientation="0.0" id="tr_5">
            <Coords points="570,243 570,2884 2295,2884 2295,243"/>
            <TextLine id="tr_5_tl_1" custom="readingOrder {index:1;}">
                <Coords points="1968,286 1979,286 2006,313 2042,315 2065,292 2080,303 2108,298 2108,190 2097,190 2038,248 2025,248 2015,239 1968,243"/>
                <Baseline points="1979,286 2005,286 2032,286 2059,286 2086,286 2113,286"/>
                <TextEquiv>
                    <Unicode>201</Unicode>
                </TextEquiv>
            </TextLine>
            <TextLine id="tr_5_tl_2" custom="readingOrder {index:2;}">
                <Coords points="1001,330 1130,294 1323,313 1367,349 1460,309 1606,353 1697,336 1697,190 1579,197 1539,226 1401,188 1217,248 1001,159"/>
                <Baseline points="1012,295 1046,293 1080,289 1115,289 1149,289 1184,289 1218,289 1253,289 1287,291 1322,294 1356,294 1390,292 1425,292 1459,292 1494,291 1528,289 1563,292 1597,294 1632,294 1666,291 1701,289"/>
                <TextEquiv>
                    <Unicode>Die vierde schlußred</Unicode>
                </TextEquiv>
            </TextLine>
            <TextLine id="tr_5_tl_3" custom="readingOrder {index:3;}">
                <Coords points="614,442 1608,440 1674,497 1907,427 2116,474 2290,432 2290,375 1974,383 1835,313 1579,377 1376,375 1308,317 1208,379 616,347"/>
                <Baseline points="626,441 709,438 792,438 876,438 959,435 1043,435 1126,432 1210,430 1293,429 1377,426 1460,427 1543,429 1627,432 1710,429 1794,429 1877,426 1961,424 2044,425 2128,423 2211,426 2295,426"/>
                <TextEquiv>
                    <Unicode>sie, wijrt nueman lutt der worten, selbst verneinenns</Unicode>
                </TextEquiv>
            </TextLine>
            <TextLine id="tr_5_tl_4" custom="readingOrder {index:4;}">
                <Coords points="620,578 705,523 1238,510 1342,557 1852,508 2154,548 2197,463 2055,430 1661,493 1615,451 1272,472 1208,430 709,487 622,440"/>
                <Baseline points="632,528 710,521 788,521 867,516 945,516 1024,516 1102,515 1180,512 1259,507 1337,509 1416,507 1494,510 1572,510 1651,508 1729,506 1808,503 1886,501 1964,502 2043,500 2121,499 2200,498"/>
                <TextEquiv>
                    <Unicode>sy meldent, Das ist min blutt Cas es am Crutz</Unicode>
                </TextEquiv>
            </TextLine>
            <TextLine id="tr_5_tl_5" custom="readingOrder {index:5;}">
                <Coords points="618,624 1069,612 1132,662 1316,603 1589,609 1632,648 1682,601 2228,588 2228,548 2034,514 1574,565 1050,518 990,567 821,531 620,578"/>
                <Baseline points="629,615 709,606 789,601 869,599 949,600 1030,600 1110,600 1190,598 1270,597 1350,599 1431,600 1511,597 1591,595 1671,591 1751,588 1832,588 1912,585 1992,585 2072,582 2152,581 2233,582"/>
                <TextEquiv>
                    <Unicode>vergossen worden, sig In welchen worten so der her¬</Unicode>
                </TextEquiv>
            </TextLine>
            <TextLine id="tr_5_tl_6" custom="readingOrder {index:6;}">
                <Coords points="607,722 965,747 1062,690 1325,677 1642,726 1723,675 1970,730 2218,681 2220,633 1869,593 1682,601 1636,648 1314,605 1128,662 1052,622 609,641"/>
                <Baseline points="620,710 700,692 780,687 860,685 940,686 1021,686 1101,683 1181,680 1261,680 1341,677 1422,677 1502,677 1582,677 1662,675 1742,674 1823,677 1903,674 1983,674 2063,671 2143,668 2224,668"/>
                <TextEquiv>
                    <Unicode>gesaget hatt, trinckend all Darnsz, Das ist min</Unicode>
                </TextEquiv>
            </TextLine>
            <TextLine id="tr_5_tl_7" custom="readingOrder {index:7;}">
                <Coords points="603,791 775,836 840,785 1100,821 1467,770 1534,832 1591,787 1655,836 1712,789 2237,779 2239,715 2104,679 2006,743 1699,677 1619,730 1316,684 1215,753 1075,703 965,747 605,730"/>
                <Baseline points="615,785 696,782 778,779 859,779 941,779 1022,776 1104,776 1185,773 1267,772 1348,770 1430,770 1511,770 1593,767 1674,766 1756,764 1837,764 1919,764 2000,761 2082,760 2163,758 2245,761"/>
                <TextEquiv>
                    <Unicode>blutt, Hab er men das gebeken, So er Inen Darge¬</Unicode>
                </TextEquiv>
            </TextLine>
            <TextLine id="tr_5_tl_8" custom="readingOrder {index:8;}">
                <Coords points="601,887 1333,914 1558,861 2239,859 2239,777 1983,821 1746,789 1655,836 1591,787 1534,834 1464,768 1401,825 601,802"/>
                <Baseline points="612,871 693,867 775,865 856,865 938,866 1020,865 1101,865 1183,864 1265,862 1346,862 1428,862 1510,859 1591,859 1673,858 1755,856 1836,853 1918,853 2000,853 2081,853 2163,847 2245,844"/>
                <TextEquiv>
                    <Unicode>botten vnnd heissen trincken bevelchen hart Da¬</Unicode>
                </TextEquiv>
            </TextLine>
            <TextLine id="tr_5_tl_9" custom="readingOrder {index:9;}">
                <Coords points="597,980 1439,959 1623,1018 1697,965 2010,944 2078,993 2228,965 2231,861 1742,923 1657,876 1581,923 1513,878 1456,923 904,872 709,935 599,904"/>
                <Baseline points="609,958 690,958 771,958 853,958 934,955 1015,955 1097,955 1178,955 1259,955 1341,955 1422,952 1503,952 1585,952 1666,952 1747,952 1829,949 1910,947 1991,943 2073,942 2154,939 2236,925"/>
                <TextEquiv>
                    <Unicode>rumb Das Discre worit een sinnen vnnd verstand</Unicode>
                </TextEquiv>
            </TextLine>
            <TextLine id="tr_5_tl_10" custom="readingOrder {index:10;}">
                <Coords points="607,1060 1177,1113 1242,1060 1756,1096 1945,1050 2040,1096 2082,1054 2199,1075 2231,976 2161,946 2078,993 1991,944 1934,990 1697,965 1615,1018 1221,963 940,1026 609,988"/>
                <Baseline points="620,1044 700,1047 781,1050 861,1051 942,1052 1023,1053 1103,1050 1184,1048 1265,1046 1345,1044 1426,1044 1507,1043 1587,1044 1668,1044 1749,1046 1829,1044 1910,1042 1991,1036 2071,1032 2152,1030 2233,1027"/>
                <TextEquiv>
                    <Unicode>int habenn, mochind begeren, wir dargeven schrifft</Unicode>
                </TextEquiv>
            </TextLine>
            <TextLine id="tr_5_tl_11" custom="readingOrder {index:11;}">
                <Coords points="595,1153 1232,1187 1623,1149 1776,1204 1886,1139 2237,1164 2239,1081 1558,1105 1390,1060 1177,1119 952,1111 902,1062 760,1107 595,1077"/>
                <Baseline points="606,1143 692,1142 778,1143 864,1143 951,1143 1037,1143 1123,1140 1209,1140 1296,1140 1382,1140 1468,1137 1554,1134 1641,1136 1727,1137 1813,1135 1899,1137 1986,1136 2072,1131 2158,1128 2245,1134"/>
                <TextEquiv>
                    <Unicode>liche vnderrichtung Die vns von sollichem ver¬</Unicode>
                </TextEquiv>
            </TextLine>
            <TextLine id="tr_5_tl_12" custom="readingOrder {index:12;}">
                <Coords points="595,1301 671,1242 1014,1278 1122,1234 1308,1285 1426,1230 1547,1268 2224,1234 2224,1164 2142,1130 1786,1208 1617,1147 1223,1198 597,1170"/>
                <Baseline points="609,1230 689,1235 770,1233 851,1232 932,1230 1013,1233 1094,1233 1175,1233 1256,1233 1337,1233 1418,1230 1498,1230 1579,1230 1660,1230 1741,1227 1822,1227 1903,1224 1984,1221 2065,1218 2146,1214 2227,1212"/>
                <TextEquiv>
                    <Unicode>stand In vnsere gewijsser versichren moge Dan</Unicode>
                </TextEquiv>
            </TextLine>
            <TextLine id="tr_5_tl_13" custom="readingOrder {index:13;}">
                <Coords points="595,1363 1847,1361 2065,1312 2254,1346 2254,1266 1996,1219 1752,1238 1682,1291 1230,1291 1130,1244 720,1291 669,1244 595,1301"/>
                <Baseline points="606,1328 688,1325 771,1328 854,1328 936,1328 1019,1327 1102,1325 1184,1325 1267,1325 1350,1325 1433,1325 1515,1326 1598,1327 1681,1325 1763,1322 1846,1320 1929,1317 2011,1315 2094,1310 2177,1307 2260,1307"/>
                <TextEquiv>
                    <Unicode>Der her mit solchen worten trinckend, Das vs. ge¬</Unicode>
                </TextEquiv>
            </TextLine>
            <TextLine id="tr_5_tl_14" custom="readingOrder {index:14;}">
                <Coords points="586,1452 1329,1426 1426,1483 1858,1414 2220,1450 2222,1346 1733,1331 1619,1399 1246,1342 1177,1384 1033,1344 969,1384 872,1346 588,1373"/>
                <Baseline points="597,1427 678,1423 760,1418 841,1418 923,1418 1004,1416 1086,1412 1167,1412 1249,1412 1330,1415 1412,1415 1493,1418 1575,1418 1656,1418 1738,1418 1819,1415 1901,1412 1982,1410 2064,1408 2145,1402 2227,1400"/>
                <TextEquiv>
                    <Unicode>theill hatt, so er darnach am Truts vergossen,</Unicode>
                </TextEquiv>
            </TextLine>
            <TextLine id="tr_5_tl_15" custom="readingOrder {index:15;}">
                <Coords points="588,1549 1714,1513 1907,1577 1983,1507 2237,1513 2201,1448 1864,1428 1773,1477 1094,1428 976,1475 588,1454"/>
                <Baseline points="600,1507 686,1510 772,1508 858,1507 945,1507 1031,1507 1117,1507 1203,1504 1290,1504 1376,1504 1462,1504 1548,1504 1635,1505 1721,1504 1807,1504 1893,1502 1980,1494 2066,1492 2152,1489 2239,1483"/>
                <TextEquiv>
                    <Unicode>hatt, von der vszheilennen weten, vss. perso vande</Unicode>
                </TextEquiv>
            </TextLine>
            <TextLine id="tr_5_tl_16" custom="readingOrder {index:16;}">
                <Coords points="593,1649 2216,1613 2216,1519 2013,1505 1905,1577 1587,1515 1505,1562 1227,1524 1160,1566 1096,1511 1009,1555 921,1509 732,1577 595,1553"/>
                <Baseline points="606,1615 686,1607 767,1608 848,1605 929,1603 1009,1603 1090,1603 1171,1598 1252,1597 1332,1594 1413,1594 1494,1594 1575,1594 1655,1593 1736,1595 1817,1594 1898,1592 1978,1589 2059,1588 2140,1588 2221,1588"/>
                <TextEquiv>
                    <Unicode>Der Epistell zum hebrebern, kan niemand ver¬</Unicode>
                </TextEquiv>
            </TextLine>
            <TextLine id="tr_5_tl_17" custom="readingOrder {index:17;}">
                <Coords points="595,1727 836,1763 897,1721 957,1771 1026,1708 1308,1740 1384,1693 2197,1693 2199,1594 1769,1649 1471,1608 1181,1670 597,1657"/>
                <Baseline points="609,1701 688,1703 768,1698 848,1700 927,1701 1007,1698 1087,1698 1166,1695 1246,1693 1326,1692 1406,1692 1485,1689 1565,1686 1645,1684 1724,1683 1804,1683 1884,1683 1963,1680 2043,1675 2123,1674 2203,1671"/>
                <TextEquiv>
                    <Unicode>nemen probiert aber damit mitt, das die</Unicode>
                </TextEquiv>
            </TextLine>
            <TextLine id="tr_5_tl_18" custom="readingOrder {index:18;}">
                <Coords points="582,1828 1045,1841 1103,1795 1266,1864 1460,1792 1625,1854 2013,1769 2247,1833 2252,1630 2161,1693 1729,1691 1625,1756 584,1727"/>
                <Baseline points="594,1800 677,1797 760,1795 843,1797 926,1797 1009,1797 1092,1794 1175,1794 1258,1789 1341,1791 1424,1791 1507,1790 1590,1787 1673,1782 1756,1782 1839,1777 1922,1774 2005,1770 2088,1769 2171,1764 2254,1770"/>
                <TextEquiv>
                    <Unicode>wortt Das ist min blut uit das blut Christi</Unicode>
                </TextEquiv>
            </TextLine>
            <TextLine id="tr_5_tl_19" custom="readingOrder {index:19;}">
                <Coords points="588,1922 739,1909 863,1966 1162,1894 1543,1926 2140,1869 2188,1915 2239,1824 2010,1769 1615,1858 1422,1805 1289,1871 1103,1795 1043,1845 944,1799 861,1858 802,1807 724,1854 588,1835"/>
                <Baseline points="600,1889 686,1895 772,1891 858,1892 945,1892 1031,1889 1117,1889 1203,1886 1290,1886 1376,1886 1462,1887 1548,1886 1635,1886 1721,1883 1807,1879 1893,1873 1980,1868 2066,1865 2152,1862 2239,1859"/>
                <TextEquiv>
                    <Unicode>gewesen sie, Das kleiner an glauben, disers Sacra¬</Unicode>
                </TextEquiv>
            </TextLine>
            <TextLine id="tr_5_tl_20" custom="readingOrder {index:20;}">
                <Coords points="595,1996 758,2044 906,1985 1111,2059 1335,1985 1443,2059 1632,1981 2222,1994 2224,1922 2135,1873 2059,1922 1486,1894 1397,1945 1086,1913 863,1968 760,1919 597,1953"/>
                <Baseline points="606,1985 687,1988 768,1988 849,1985 930,1985 1012,1986 1093,1983 1174,1981 1255,1979 1336,1976 1418,1976 1499,1976 1580,1976 1661,1976 1742,1978 1824,1970 1905,1967 1986,1964 2067,1964 2148,1958 2230,1958"/>
                <TextEquiv>
                    <Unicode>ments (allf sij es benampsen) an zwyffell der</Unicode>
                </TextEquiv>
            </TextLine>
            <TextLine id="tr_5_tl_21" custom="readingOrder {index:21;}">
                <Coords points="595,2152 775,2093 889,2142 937,2099 1037,2142 1096,2089 1166,2131 1445,2082 1657,2118 1896,2065 2233,2104 2235,2013 2087,1981 1610,2040 1528,1991 1441,2061 1331,1991 1130,2059 927,2002 787,2053 597,2013"/>
                <Baseline points="606,2080 687,2086 769,2086 850,2083 932,2086 1014,2086 1095,2083 1177,2082 1259,2080 1340,2080 1422,2077 1504,2077 1585,2077 1667,2073 1749,2071 1830,2068 1912,2066 1994,2064 2075,2063 2157,2062 2239,2060"/>
                <TextEquiv>
                    <Unicode>so Inn Obristum, Durch den glouwen ritt Inge¬</Unicode>
                </TextEquiv>
            </TextLine>
            <TextLine id="tr_5_tl_22" custom="readingOrder {index:22;}">
                <Coords points="586,2220 1170,2182 1431,2231 1816,2169 1979,2226 2250,2167 2250,2104 2097,2135 1909,2068 1778,2140 1450,2082 1388,2140 1331,2089 1045,2140 662,2101 588,2150"/>
                <Baseline points="600,2179 682,2182 765,2182 848,2185 930,2185 1013,2184 1096,2182 1178,2179 1261,2179 1344,2177 1427,2177 1509,2176 1592,2175 1675,2173 1757,2170 1840,2168 1923,2167 2005,2166 2088,2163 2171,2161 2254,2164"/>
                <TextEquiv>
                    <Unicode>pflantzet ist, der wirdet sich weder des glaubens</Unicode>
                </TextEquiv>
            </TextLine>
            <TextLine id="tr_5_tl_23" custom="readingOrder {index:23;}">
                <Coords points="582,2334 768,2271 1204,2336 1282,2279 1483,2273 1966,2341 2171,2269 2277,2309 2277,2180 2101,2224 1812,2167 1729,2222 1494,2186 1433,2231 582,2228"/>
                <Baseline points="594,2271 678,2271 762,2269 847,2271 931,2271 1016,2271 1100,2270 1185,2271 1269,2269 1354,2271 1438,2271 1522,2271 1607,2270 1691,2269 1776,2268 1860,2267 1945,2269 2029,2266 2114,2266 2198,2265 2283,2271"/>
                <TextEquiv>
                    <Unicode>noch der overcken, so vss. dan glouwen Christi fliess¬</Unicode>
                </TextEquiv>
            </TextLine>
            <TextLine id="tr_5_tl_24" custom="readingOrder {index:24;}">
                <Coords points="580,2377 1790,2368 1886,2415 1983,2377 2260,2417 2260,2324 2171,2267 1979,2338 1725,2300 1613,2345 1498,2273 1206,2336 669,2277 580,2334"/>
                <Baseline points="591,2364 674,2361 758,2361 841,2361 925,2361 1009,2361 1092,2361 1176,2364 1259,2364 1343,2365 1427,2366 1510,2364 1594,2364 1677,2358 1761,2358 1845,2361 1928,2361 2012,2360 2095,2358 2179,2355 2263,2352"/>
                <TextEquiv>
                    <Unicode>ende ouch des touffs vnnd Des nachtmalls Chri¬</Unicode>
                </TextEquiv>
            </TextLine>
            <TextLine id="tr_5_tl_25" custom="readingOrder {index:25;}">
                <Coords points="582,2525 688,2463 1073,2499 1344,2459 1490,2512 1824,2465 1896,2527 2161,2459 2116,2389 1886,2419 1773,2366 1646,2421 1532,2387 1378,2421 1306,2374 1117,2427 582,2379"/>
                <Baseline points="594,2457 672,2454 751,2457 829,2454 908,2454 987,2454 1065,2456 1144,2454 1223,2457 1301,2457 1380,2456 1459,2453 1537,2454 1616,2451 1695,2451 1773,2452 1852,2454 1931,2454 2009,2451 2088,2447 2167,2442"/>
                <TextEquiv>
                    <Unicode>sti, nitt annemen, Dann so min her Doctor</Unicode>
                </TextEquiv>
            </TextLine>
            <TextLine id="tr_5_tl_26" custom="readingOrder {index:26;}">
                <Coords points="1132,2586 1473,2554 1585,2599 1782,2552 1822,2588 1903,2565 1974,2622 2220,2554 2222,2484 2099,2459 1896,2527 1704,2470 1602,2508 1420,2487 1365,2529 1132,2497"/>
                <Baseline points="1143,2552 1197,2558 1251,2561 1305,2561 1359,2559 1413,2558 1467,2555 1521,2554 1575,2550 1629,2549 1683,2552 1737,2552 1791,2552 1845,2552 1899,2552 1953,2555 2007,2552 2061,2548 2115,2546 2169,2541 2224,2537"/>
                <TextEquiv>
                    <Unicode>wirt es das der her geheussen</Unicode>
                </TextEquiv>
            </TextLine>
            <TextLine id="tr_5_tl_27" custom="readingOrder {index:27;}">
                <Coords points="557,2609 681,2569 732,2603 777,2563 912,2571 954,2601 988,2599 990,2474 940,2489 895,2457 768,2518 717,2480 559,2540"/>
                <Baseline points="570,2561 596,2555 623,2555 649,2554 676,2552 702,2552 729,2552 755,2552 782,2552 808,2552 835,2552 861,2552 888,2552 914,2552 941,2552 967,2553 994,2555"/>
                <TextEquiv>
                    <Unicode>vyter redert</Unicode>
                </TextEquiv>
            </TextLine>
            <TextLine id="tr_5_tl_28" custom="readingOrder {index:28;}">
                <Coords points="571,2669 764,2705 874,2650 1179,2717 1462,2662 1678,2726 1771,2669 1879,2707 2269,2669 2269,2575 1960,2622 1900,2565 1843,2620 1716,2571 1490,2614 1160,2580 1064,2626 813,2565 571,2601"/>
                <Baseline points="582,2642 666,2651 751,2651 835,2648 920,2651 1005,2654 1089,2657 1174,2657 1258,2657 1343,2654 1428,2657 1512,2657 1597,2654 1681,2654 1766,2654 1851,2657 1935,2656 2020,2653 2104,2647 2189,2644 2274,2639"/>
                <TextEquiv>
                    <Unicode>hatt, sin blutt ein sonderlicher trost, vnser gewissene</Unicode>
                </TextEquiv>
            </TextLine>
            <TextLine id="tr_5_tl_29" custom="readingOrder {index:29;}">
                <Coords points="574,2777 1069,2745 1460,2819 1530,2766 1816,2766 2101,2823 2203,2757 2201,2679 1706,2734 1507,2675 1240,2671 1162,2730 940,2664 859,2717 571,2669"/>
                <Baseline points="585,2740 666,2742 747,2743 828,2742 909,2741 991,2743 1072,2746 1153,2749 1234,2752 1315,2755 1397,2752 1478,2752 1559,2752 1640,2752 1721,2752 1803,2755 1884,2755 1965,2755 2046,2752 2127,2748 2209,2740"/>
                <TextEquiv>
                    <Unicode>sin getruncken, mut sampt, so es zu gleicher wijss,</Unicode>
                </TextEquiv>
            </TextLine>
            <TextLine id="tr_5_tl_30" custom="readingOrder {index:30;}">
                <Coords points="561,2840 1058,2914 1168,2855 1333,2944 1642,2876 1792,2935 2019,2859 2203,2899 2231,2770 1911,2829 1784,2783 1395,2819 1350,2777 1221,2815 1075,2760 665,2804 559,2766"/>
                <Baseline points="573,2824 656,2830 739,2833 822,2836 905,2836 988,2837 1071,2839 1155,2845 1238,2851 1321,2854 1404,2857 1487,2857 1570,2858 1653,2860 1737,2863 1820,2863 1903,2863 1986,2860 2069,2857 2152,2856 2236,2848"/>
                <TextEquiv>
                    <Unicode>lutt der worten verpossen ist zu verzichung vnnser</Unicode>
                </TextEquiv>
            </TextLine>
        </TextRegion>
    </Page>
</PcGts>
