2479 3508
1050 133 1823 309 Die funstte Schluskredi
1783 208 1922 356 „ 26„
625 272 2278 461 Actoque 1000. das Ist diener gottes, Gottop frer heissen
627 385 2284 562 wirdt ein feder Schulthes vnd vogt, ouch ein opfeer ge
1114 524 1671 688 gidius muur,
642 718 2250 907 Das Er geandtwuet hat, der dienst, bije das batt ge¬
589 836 2261 1002 sin, mag nitt giij, dann von Oomlicken diensten hol
617 926 2233 1076 niemand gesundrot werden, Er oprecht aber hoe Im
604 1013 2254 1160 Dext. Oundren mir van dem vordrigen dienst, Gar¬
615 1114 2233 1246 nabum vnd Caulum, damitt wil Ichs bruolchen ha¬
617 1196 1175 1341 ben der Chrift,
1090 1307 1703 1492 Martinus burger
629 1467 2227 1659 Paulus und Barnabas, sind zu dem predigampt ge¬
625 1596 2221 1739 sundrot worden, Carzij hat fast wol gedenot, das
621 1690 2033 1831 man gebatt zij gott dem herren gethan hab,
1114 1825 1657 1972 gidius murer,
570 2006 2246 2208 Das aber witter moge bijbracht werden, das te gléch op:
592 2126 2204 2288 Vor der wass. Nun Ich fur mich, Malachiaan den
583 2227 2261 2345 Propheten, am 1. cap. So fr Opricht, Mir Ist der
604 2307 2265 2452 will nitt In vch, Opricht der Herr der heren, Opfer
596 2408 2240 2539 oder gaben wil Ich nitt namen, von v'wern hauden,
589 2486 2200 2629 dann von vfgang der Ommen, bis zu nidergang,
604 2577 2292 2692 Ist grossz min namen In den volckern, vnd In aller
600 2663 2278 2816 Aatt wirdt geopfrot minem namen, ein reins opfer¬
606 2755 2267 2934 wann warumb, min namen Ist gross In den volc:
