2479 3508
18 738 119 832 der N.
27 929 121 1027 rentt
23 1160 127 1246 et pop
25 1263 117 1341 onch
33 1720 129 1827 am
39 1816 125 1931 den 8
27 1921 133 2034 berif
27 2019 141 2142 a ist
23 2355 139 2562 Obr.
16 2540 131 2665 all
33 2636 131 2761 handen
2054 152 2173 301 57
1050 154 1706 340 Die erst Schlußra
584 295 2146 508 beschutzen. Zum andern lieben Christen, Dis¬
574 449 2142 588 wijl der pronimnal gar ernstlichen tringer den
605 519 2155 681 vnuberwindtlichen Spruch, den geistlich richts
594 611 2187 773 alles ia ad Cornelis ijo cap: Das ven eijn Jeden
580 674 2189 865 Christen verstanden werden muß, die wel niemanden
584 773 2196 961 Christi ist, der nit sin geist habe, zum Rhomern
578 884 2181 1064 am viii cap: Da hat der pronunial aus
594 945 2152 1173 9 schrifft sollichen herlichen spruch vnderstanden
1683 1060 1853 1123 weim
584 1064 2175 1265 ze verduncklen, vnd das mit zwe fragenn die
588 1171 2140 1314 erst, So der geist alle Christen musse lerenn
562 1281 2185 1437 vnd aus den geist des hern vnnd eynem ver¬
580 1367 2107 1531 stand des götlichen worts, kom glens gehaet
1384 1445 2146 1589 Warumb wir dan so
531 1513 1000 1624 t vereen mogen
570 1550 2171 1738 vlessigk Een nuw erwachssnen glauben predigen
554 1671 2124 1851 welche frae, fromen Christen ob sy int sie
582 1745 2232 1931 ein offus Calunia vnnd lares vmbtuben sollende
586 1868 2230 2038 In alle vrtheillen, Es ist auch allen Christen bekant
556 1972 2144 2140 Das wo got int leet alle predig vergebenn
810 2070 2079 2220 Noch dennost, Hat, get. der her¬
605 2081 744 2204 sind
574 2157 2161 2300 dissz ordnung ho Damit deser mer lieb vnnd
586 2269 2163 2437 einigkeit vnnder den Christen bestunde gewellet
586 2378 2132 2540 Das sy emandern on vnderlasz wijsen vnnd leren
1021 2468 2112 2624 welche ordinne gotes gar klarlich
597 2487 793 2626 willen
832 2501 998 2585 ƒ
601 2575 2054 2688 geurch den paulum, am Daten capitell zum
574 2661 2112 2811 Cherinthern Epist: pri: beschriben ist. Das ortt
562 2753 1248 2909 will ick vih lijsen
1435 2763 2124 2925 wer ist min paulus
