2479 3508
391 1031 602 1196 60
650 207 2332 425 Hebreem, Joseph vnns Der war glauben, die nam¬
726 362 2332 508 liche vflegung So esse stett, Das ist der kellch des
732 477 2319 586 uwen Jhestaments, oder onch das ist min blutt, Des
726 525 2296 682 nuwen thestamenis, Das wir so vill da er¬
721 611 2332 788 lernen. Das wir hie habenn ein verkundigung durch
715 698 2275 868 Den kelth der Dancksagung, was trosts wir em¬
701 801 2263 975 versachen sollenn, von dem liden vnnsers hern Jesu
1200 893 2248 1039 vnnd ist kom muws Das man
1064 912 1167 1012 ƒ
709 912 1027 1067 Christi
707 991 2317 1150 den punct oder das thestament, nempt ein Zeichen,
767 1098 2275 1280 Des puncts, oder thestaments wie, dan das Clar¬
705 1184 2233 1361 lich penesis, am Xvijcap: schinbar ist vnd ick
929 1278 2208 1466 setzen min punctuus zwijsthen mir ende
696 1320 876 1424 vere
740 1403 2290 1568 Da ist thestament, oder punct genempt, ein zeichen,
878 1510 1123 1665 punds,
634 1514 864 1627 Des
1223 1527 1819 1727 Ptaxxex von Sig¬
801 1619 2240 1853 Öff die erklärung mus her Dortors wer¬
1610 1780 2263 1922 Antwort ich des
747 1790 1468 1932 Die Crort des Kelchs
719 1874 2256 2047 ersten, Das, Das wort Darusz solle referiertt
692 1980 2271 2129 Open den vff das vorgene wortt hyssan ich met
732 2064 2279 2208 Dann dis ooortt allso stand trinckere all Darnsz
703 2156 2286 2323 das ist min blutt, so hatt er sy nitt geheissen, den
690 2238 2286 2376 leiminen, oder huer zinen becher truncken Gonder
600 2355 2231 2516 o Das so er pereedt hatt vnnd Inen dargeboven
688 2443 2242 2608 trinckend all Darusz. Was habenn sy annders
690 2541 2259 2691 truncken, sollenn, Dann er Inen gepeten / was
665 2631 2217 2794 hatt er Inen annders Dargereicht, van so die
665 2727 2075 2894 wort verfachen, Das ist min blut
1200 2829 1767 3011 Ecolampadius
1579 2951 1796 3097 21.18
