2479 3508
1191 120 1949 322 Die viiii. Ohlushred.
603 251 2229 395 Herren Jesum Christum, haben wir kundtsthaft Ssee
608 366 2182 521 am xi. vnd Mathei am. i. Co geschriben Stat, vs
492 441 2271 594 vergixten hab Ich beruft minnen Oun, Witter, das wir den
599 550 2237 652 nichsten schuldig sijen gelubde zuhalten, wirt volgenn,
597 632 2293 752 das wir Oemlichs gott vil mer Othuldig sijen, Oo fe¬
599 732 2293 880 trus gesprochen hat, Actorum. v. man muß gott mer
597 798 2295 967 gehorsamen, dann dem mentstchen, Das der spruch
597 903 2200 1060 fottesiastes. v.o wider vns gije, gib ich nitt zu, wann
588 969 2297 1129 Er heitter amoigt, das gott missfalt, ein vntruwe ver¬
608 1080 2206 1235 heissing, Carumb sy glich daruf Opricht, Alles
594 1164 2328 1308 das, Oo du verlobast, das leist, Een verstand fohannis
579 1257 2288 1419 vio. das Essen vnd vertruwen, ein ding sijen, min Ich
608 1357 2124 1492 nitt an, Das Paulus zijn gelijbe aber, von der
605 1413 2262 1597 Othwathen, oder andrer willen, gethan habe, weiss Ich
610 1537 2277 1707 nitt. Der Text aber zoigt an, das Er ein gelubd ge¬
601 1696 931 1809 than hab
1155 1716 1998 1905 Meister Vlrich zwingli¬
1528 1876 1665 1998 it.
683 1949 2295 2164 Die zoigen das abthun der gelubden des alten testaments
597 2080 2260 2229 nitt darumb an, das wir damitt, vnser gelubde vmb¬
599 2138 2346 2311 keren, Dunder wir keren unser gelijbde, mitt dem grund
603 2244 2213 2404 des gloubens vmb, vnd zoigen aber darbijan, das ab:
614 2286 2302 2477 thun der gelübden, damitt man zacht, das die kundt¬
616 2424 2269 2581 sthaften, vsz. dem alten testament harfur gebracht,
605 2521 2249 2674 Also wenig bewaeren vnd eenweijgen mogen, Als go
605 2603 2257 2754 man vns mitt dem buchstaben, zum vich opfer wel¬
612 2688 2175 2856 te zwingen, Der Opruch versaije am. xviii. Bibl.
608 2790 2189 2960 gich gibts zu verstan, Dann Er also Spricht, Die
