2479 3508
749 208 2271 381 Comitt das wir nitt der ewern zorn und
776 327 2309 471 püällind, und wirt hie gantz nüt
774 418 2255 570 grett vom fegfür, sonder vil me darwider,
749 551 2304 710 Wie gnuͦg es darge ia seg, das kein feyff
191 572 490 732 Buijpab
782 660 2323 809 sig en pfel ichs den lijser, frag hern bevolden
776 741 2306 862 blriebi, ob diser spruch matt, 5 allein von den
770 856 1839 996 lebenden sage och van den roden.
794 969 2348 1117 allein von dem läbenden, wie dar ennesse wenn
368 953 677 1101 Bareldg
765 1064 2298 1200 Luc 12. So du aber mitt du wederseßer für
772 1152 2319 1290 den fursten gast etc. Ir tüchen, etc. daer sistilt
747 1243 2296 1389 das Si nett wo si zwenalt wüssind das ge
747 1323 1376 1451 dasselbig richtend.
267 1407 475 1611 Cppas
677 1418 2294 1599 Dise wort Christi sind ein glichmüß darumb si
747 1572 2265 1706 nitt allem uff die läbendigen deere sonder
755 1632 2290 1794 ouch uff die abgstorben dann wir er hiesagt
745 1720 2296 1887 von der straff also wern si dort ouch sin, und
737 1804 2327 1965 ist del straff deß kerchers nett eweg alß der holl
724 1897 2267 2058 Alß wir hand Efa: 24 Si werdend in beschlossen
722 1979 2309 2127 in dem kercher, vnd werden noch vel tag kenn-
728 2064 2315 2245 gesuͤet, und wirn niemart funden, das das wörden
697 2187 1924 2341 Kercher, ein ewige uffenthaltung bedüte,
634 2292 2286 2494 Diser Spruch, bi oder per phenning Estia, dienet danschul¬
317 2321 479 2492 uijst
685 2418 2278 2584 meister ouch nitt, dann an disem ort hernn suchen
370 2506 595 2625 Visitare
687 2514 2255 2662 iß nitt ein tröstliche heimsuchung sonder ein
710 2576 2253 2741 sträffliche, vnd gar diser spruch, vel me uff
673 2664 2220 2821 die verzweiffleten vnd der, der eweg pdammess
665 2771 2276 2924 per dient hat. Dann uff die glömbigen wo man
667 2839 2214 3020 Die tllegorig wolt annaͤnden, dann der lxxst
