2479 3508
1551 164 1755 293 besechen
951 198 2319 426 wellt wer da lesegh wel den selven dauß
814 210 905 358 So
751 329 1192 477 zwelffen sijn
780 416 2285 560 Das die ricten usß irem guot, mer tuͤnd dann
285 426 659 620 Buo Istab
784 535 2281 665 dir armen, und der term sin willen darzu gitt
1820 616 1931 677 ers
780 626 2323 731 So er sein litts vermitt, welte er sondern auch zu
768 705 2321 834 daß wer ein bespel mögend nämenn usß dem tage
762 782 2315 937 deo marc: 12. Do Christus sagz die richa die vel
766 879 2228 1028 legts in den geltstock, ist ouch ein armen
1151 953 1329 1018 komen
762 968 2367 1123 Wittfrow dir hatt ungelegt ij ordi, dasselbige
755 1048 2285 1204 hatt gott basz gevallen, den dero, die uss. Yber¬
753 1135 2303 1301 fluͤßikit ingelegt hatten, das ich soͤll probieren
762 1236 2218 1392 das ein fogfür sie hoff ich gern han, hab
753 1329 2279 1475 aber nach kein beitare gstruff ghorn, das
755 1414 2309 1563 Sömlichs nitt sie, und somligs weter febr.
753 1507 1511 1652 päten nim ich fuer
1547 1503 2355 1624 eg die wort Christi matt 3.
741 1596 2317 1729 So der herr Spricht vernag, ditt mitt dinen viernd
725 1679 2299 1834 bald, diewil du noch uff dem weg biß, damitt
725 1774 2281 1891 dich nitt du widersecher geb der richter und der
729 1877 2192 2016 richter sinem dienern und lege dichm den
711 1945 2163 2085 kercher, für war sag ich der, das du nitt
711 2032 2289 2196 Wirdest heruͦß gan So lang biß du betzalest, den
713 2119 2262 2305 minaßen quadranten, durch desen kerger muß
701 2208 2141 2357 her ppanden werden, ein mittle uffenthaltug
713 2291 2190 2483 zwüschet himel vnd hell, das ist das Jegst
693 2386 2216 2596 Dan so er mitt heriß wir gan, biß er
697 2466 2230 2666 bey alt hatt, so wirt er darnach ußher gan so er
699 2569 1133 2681 beijalt hatt
659 2668 2285 2854 Das kann tagfür moge sin ist mitt klarer gstüfft
204 2636 515 2846 Bertoldus.
699 2759 2204 2961 in erlütung der schuͦß vnd guͦgsam darvon, vnd
