2479 3508
393 103 2242 308 Burgermeister von Watt von Sant Gallen In Anfang der
662 209 2353 379 Disputacion in namen der presidenten Erwerdig hoch und wol
706 299 2353 448 gelert, gestreng Edel veß fromm fürsichtig vwyß gnädig
704 373 2332 547 und gunstig min herrn lieb und guͦt frund, Clertwil wir
697 471 2288 621 uffhüttigern tag zuͦ Ingang der loblichen und christenlichen
674 568 2307 727 Disputation, so nim gädig herrn Schultheis und dehär Cliser
704 649 2272 807 loblichen statt Bern ussgeschriben hand Anfang in dem
662 743 2282 904 namen gotz zetuͦnd versamlett sind So ist fürnemlich miner
692 819 2339 984 herrn mitt presidenten fruntlich beger an all frömbd und hernisch
665 931 2330 1049 das Si umb der er gottes willen und liebi sinn es worten (zu
685 998 2309 1145 welichem billich alle gutmütige herrnn geneigt sin söllend)
667 1079 2346 1254 Sich fridlich früntlich und mitt ernstlichen vranercken, harp
692 1166 2261 1334 run und schicken wellend, zu Ansechen das der handel
713 1263 2286 1410 nitt schimpflich, sonder groß und vnserar selten
713 1355 2337 1495 heil betreffend ist, sonnderlich aber begerend min hernn
704 1474 2307 1601 die presidenten, das alle die so gedispurieren willens unnd
718 1527 2351 1684 vervassett, sind sy zuvor, deß ußgangnen mandaten und
706 1626 2337 1792 Aller ordnung sodan gesprech zu guͦt uff gestrigem
722 1716 2272 1863 tag, von herrn Stattschuber uss ansechen der herrn
718 1831 2344 1976 wilsen sind, trülech mitt fles vnd sorghalth wellardt
697 1904 2330 2061 Dann wp sölichs nitt bescheche wurden sy (deß si doch
706 1989 2362 2132 genn absin wolten) darin jereden und die übertrettenden ze wisen
704 2093 2245 2210 und herrmanen geursachett, guͦter hoffnung es werde
713 2098 2314 2298 niemant Anderß varen dann dem handel diser
720 2247 2323 2383 loblichen disputation und gedachten miner herrn von Bern
685 2337 2341 2466 Mandaten ordnungen und abscheiden (wie Si sich mitt der
724 2424 2332 2551 schriffe verglichend) gelegen und gemäß sie, uff sölichs
708 2505 2364 2643 So mögend jr nun hern die predicanten üwerm erbieren nach
704 2581 2314 2709 Die Erst Schluß red In deß herren wamenn an die hand
720 2643 2346 2806 nammen und die mitt geschrifft beu benescreren, damitt
702 2728 2364 2891 den hernn geistlich oder weltlich so dargegen, vermemend ze haben
690 2820 1937 2983 Bedi, putieren Anlaß geben werden, moge
16 3303 60 3395 Göster
1739 3427 1865 3473 @@@
