2479 3508
75 1867 430 2047 nd son
105 2010 336 2128 lonffl
2010 68 2162 205 181
588 130 2218 299 behabb uthor wil so hags der eirz
601 246 2263 396 heng szlisse , das das  age
592 321 2284 462 kirh unditt eungann gemild sin weg
597 379 2244 535 od söll dan er nitt abtref vglich
607 451 2291 603 erwant da eer n h sg ort
595 543 2286 682 aus gnand eegel, das ettwa 1on s jan
642 622 2177 757 lähn werden ich sag aber lbs sölicher
601 706 2043 826 Sprich von ewigr krrh und vo
601 779 2259 907 eemem contilio ppanssore werd re
614 851 2111 956 it aber itt harns srannuth das so
597 920 2276 1052 albweh wo ewesfer wesce erzörng
590 1069 2171 1196 on e tt iu hör woltn
595 988 2263 1144 och beleihiget eriszan glez der hlb wrde
580 1151 2301 1292 Oos damee grre sovcsei In solatt
595 1219 2188 1358 oc gehaln werd, hamb un bla
582 1296 2261 1431 hendle eer gbeben nitt häffnig errurh
586 1373 2233 1527 of sus beder andrer kilz wit
580 1456 2229 1593 istigis ma witer nötig aber zu
588 1529 2218 1702 hochn sufk zgbebes uud wo si ghalsen,
605 1634 2250 1764 sarckign zerte erhüstelligen ekee
627 1692 2233 1826 weie und erneig kerg hört
586 1807 2179 1921 fellend ist von 1ö1 der ge
586 1852 2239 1985 sustd lich korch u soliche handleudd
588 1938 2269 2079 Saharse, i itt it
580 2017 2261 2152 den cheistelich kirhn vil sackn undi
588 2087 2267 2226 vil retth zemilt und zevr wid rht
1016 2149 1196 2201 abider
590 2181 935 2293 wir er
1191 2160 2276 2278 wir er hr vor hanh seye Es hatt er
736 2235 2282 2389 Luter sin wittelbergisce bert
565 2303 2280 2449 ert er hab dd war regu era d
560 2387 2169 2513 gsteeder striffen seefglich dder s
592 2447 2188 2601 hinger im breffen eken gatt wnd
569 2522 2192 2691 gebe ged, bs hatt unf Ulrichz
588 2614 2269 2778 unher trüwen z bedgose und zur
567 2688 2216 2845 berec s iu sige der retzt vstand die
582 2770 2273 2915 geschufft unnd habe doz gar beb
580 2855 2259 3043 wege hnn pstand der screfft und diewel
