2479 3508
577 2031 810 2202 gann
1302 113 1505 186 eingrn
2023 109 2301 222 Perten
864 120 2362 308 se beid auf kilth glse frwn  v
853 227 2356 372 zortiolt sud iu gbebt und z a
849 318 2326 457 mild zuwenden si habend adr gestadt
823 402 2294 522 der schrifft, und wir sch gelehtn
815 475 2251 622 und wir gstickt si beid sein is
804 560 2305 703 weklich but und offberlis
802 631 2209 768 sol  für vndtir auh söleg
849 716 2177 842 zor ud virbeien im
821 789 2281 937 uh vor glebe elighen werden so
845 864 2326 996 werden wir mitt allen ergbbe
821 941 2215 1095 sondt 4s gbebdu vhe
836 1031 2194 1189 scheisheit hab wr de orch
840 1107 2271 1270 besrochen in de unfrlig behanr
834 1206 2332 1356 land die sich abgewrt und geheden
836 1302 2253 1426 haben von e bin dershristelich
866 1370 2264 1492 firg ul ert be s ir i ettlig
836 1447 2324 1588 han hacb ertret und zuwrlhd
810 1533 2270 1681 damb ich aber als hot bettsund
813 1610 2187 1760 er at wilhabe am ersatt
917 1681 2326 1819 eihr leblich spatt kan
815 1774 2298 1933 das si hotz zu hen wasse wellend
802 1862 2305 2016 wir sedlich wir eheilig dabeg
830 1939 2305 2082 sich abinhünde von ein kindt
1531 2031 2245 2140 d und wol
836 2027 1400 2153 schriflich e
1135 2106 2221 2228 mitt dezit dasiss chtil
864 2114 1026 2204 3
813 2176 2324 2313 und schaden erwerschen nört wollt di
911 2254 2311 2399 it laß ain behand starffen wysen
829 2326 2275 2457 szwen bewege, da ee nttgg
819 2407 1236 2534 sist Wie
1311 2409 2217 2542 win kien ind lettst
810 2478 2311 2619 oenöngen hatt, das welicher allen
819 2551 2249 2690 geben des egg user gm us
829 2640 2264 2775 pelis eten vnderlis habsob
836 2705 1330 2820 ergeis
1349 2726 2320 2833 Iandr nt grag des
845 2782 2330 2929 daselbis helig wurd, domif
