2479 3508
203 3122 394 3231 die 2
1898 221 2137 337 erfunden
820 250 2265 416 su leis leder e vele ef es
806 341 2310 497 wil det franne Aust ob nich ouche der
970 432 2344 580 oial sölicher feeltg sie das erIar
794 469 2324 651 lor voranzogen wundered sang der
802 591 2255 747 XXVI dee ich uwer das her volesan
1011 688 2318 836 oaripnrel  de zal das
763 714 932 836 Or
794 777 2226 883 sis herwether uss sie eige auch
787 861 2342 1005 buse die dbung wg und litre
783 954 2366 1114 den also den 22v dembachwureff
775 1037 1770 1187 geneh
775 1094 2338 1246 Darumb Achten wir das usss göttlichem rat geschechnn
806 1200 2322 1323 see das dis kilch vil lnangelia welicher etthiche gehalen
806 1283 2332 1437 zurdend das si die Apostlrn alss Rhomas Machias
792 1376 2328 1512 Battalemeus sölte geschribn haben verworffen hatt unnd
792 1449 2320 1581 uns de gleubein fürgebnn, die marcus und lcäg
788 1540 1997 1685 die nitt apostel gewesen geschriben haben,
1307 1642 1735 1810 De XXVI
743 1810 2267 1985 damitt offenlich knn were iederman wir des
800 1955 2190 2070 überheilig kibt alle übertrifft, das also ouch
781 2021 2237 2153 wurde bi 32 sin das gricht Aller leren ouch der
759 2113 2265 2257 apostolischen Also das was si nitt bewörte em
775 2196 1843 2334 eriner sterck noch acht sin sölte
1364 2324 1841 2480 De XXVIII
787 2466 2277 2634 darumb ist nitt weniger ussz göttlichem rechten
794 2580 2350 2714 anzu nämmen, das si der gemeind kilche gloubthatt
798 2675 2338 2807 zum glouben gehören ✳ und uus dasselb zum wenigisf
794 2734 2320 2862 durch 12 annämmen, den glouben fürgebnn, dann
790 2821 2332 3010 das si uns uss göttlicher gstrifft shatt leren gleuben
