2479 3508
652 193 2289 376 Dematz zu voranwun dsz prommids ind
597 353 2284 465 bezüge mich uff dismel zellen uff sins unpzh
618 404 2182 542 rifftlich zeg wurff anort geben liet dr
629 491 2257 612 anfaltig g gotes itt verlapet worde
620 555 2195 697 und Rach nimmen me wie schriff er une
623 640 2231 778 doch immen angriffen wirt, do wirer her
589 727 1957 886 mandes sölichsenstlich wotth hatt
650 827 2306 990 in zu uissz hatt der punwal gich ele ernstlich
1043 1009 1271 1073 abe
595 946 2308 1077 berümett alsh ob er bin de rs
574 1050 1007 1164 h schriffte abreht hette das onz dee scriffer von
1007 1009 2255 1145 h schriffte abreht hette das onz dee scriffer von
612 1090 2153 1226 drislich sole grishen wecln das iy da heth
620 1175 2246 1313 woll unbriben bitt ich lebtfrem grst i
589 1247 2229 1400 wellend sölier griffli wil wamann wwor die
1269 1343 1598 1413 bederffman
576 1347 2248 1498 warhur sehtt uth rehr m wurst
604 1436 2240 1556 on Et hie zhöre was wir zu oder ab
614 1517 2314 1658 redig tand, zu erlerne) sonder was die strifft
627 1600 2331 1747 zusht o nt Oos dee schrifft voklichen
606 1677 2293 1832 de ganbig grichtett das ist war erkunet worde
582 1753 2257 1904 sol sheln wir leugestgstieb und porett wie das
584 1840 2257 1987 unhere busher ud z sunderheit dasza
591 1925 2255 2070 de gn nach zu arwein zu Pü vn us
591 2021 2238 2163 Hans vberfen sege bey ihett, we lih vber diee
1636 2104 1728 2168 gst
591 2106 2125 2240 2 87 und acht und 2x f pposirion och
580 2195 2250 2342 wundenden er hin g ennett paradoxa das
597 2286 2227 2427 abnr e cküstlich ga de schrifft an
659 2365 2206 2508 ass zu viteild has, des fdauber Sig
606 2431 2174 2588 eetwas da anzumändoch in vewuffe
595 2512 2170 2673 b oss hand wer er ved er premette
576 2673 2136 2848 fragprt hatt wer e sölich urtil der
582 2592 2252 2748 das aber daruff ern pwal 52
574 2773 2110 2971 kiche zugebe habt, sag ig das war
