2479 3508
546 1001 692 1188 13
1067 130 2237 345 Actum am fünften tag war fritag
1270 297 2241 461 vor Mittag tas
720 395 2361 622 Buger Da gad d gt u al
851 548 2287 686 Sewel ich gester zu eu beschluss ytt de hen
841 632 2361 780 danckett hab, das uifre widerpart so schnistele
831 718 2337 857 shhenn ist gund ennanett vnft demnd
859 799 2335 925 und drt jet wider ze err unsere anmun
839 873 2315 1013 Ihpam vnd sich aber dacf der Datror be¬
847 947 2345 1093 schwaret hatt so wil ich hie de klag uad in g¬
847 1025 2331 1162 schrifft vonasettt de woarien nach mir
821 1111 2305 1252 H gr ordg u lege lutet allso dem
784 1198 2317 1372 Ehiechtigen gott sig lob und danck fronden
835 1308 2345 1477 Christenn ✳ das er fin warhert die uns soherrlch
835 1412 2333 1579 geschirmett und gebnn hatt das diser so hochgelorn
833 1517 2329 1657 Docfor, in smmer wider uns so langer red einig
835 1609 2341 1760 gschriffen nitt fürbracht hatt, ✳ sonder allein uns
841 1691 2285 1874 uss fälen unf menglen der mentsthn ✳ wider
827 1802 2335 1952 meiner guädigs herrn mandet ✳ bepert uns ✳ den
833 1898 2313 2018 einnältigen zu horer, verdacht zu machen so mitt
835 1996 2335 2123 schrifft vom gwalt der kilchen, her solte gehandlett
833 2072 2329 2221 werdn ✳ lieben fronen Christen ✳ lasts euch nitt irren
819 2159 2349 2311 und bekumbern, hienach seder unser antwirt daruff
831 2259 2343 2385 zu vernämmen, werdend ir horen ✳ wie schrifft und
835 2363 2291 2458 warhen blos er sy der baptisch huff und bitt
718 2444 2317 2562 ouch uch uff das aller flisigist den dector er wolle
833 2510 2331 2664 nitt aetretten dann sin red gestellett ist als
835 2586 2044 2761 os er uns den Angel lasfen wefls
