2479 3508
842 196 1991 404 Fritag nach Vincsmy vor mittag
1944 438 2023 514 pesten
367 443 2334 642 Buͦchstab, die gloß über den spruct Pauli gsset ingefüren
786 549 2331 681 nimm ich nitt an, wann paulus bee hern spricht, der
781 629 2277 762 tag deß herrn wirt das erclären, nu ist der dag desß
774 708 2324 847 herren, mit anderst dann der alßheid von diserzit
781 793 2302 948 von dem paulitz ouch sagt 1 tess. 5. Das der tag
757 882 2263 1048 deß herrn werde kommen, wie ein dieb in der
757 972 2329 1117 nacht etc. Darumb ich hie, bi dem blosen ierst blib.
762 1055 2317 1212 ob mir aber ein gloß wurde vturtftig sin, würde
757 1151 2331 1295 ich bideren beliben, die in drien teilen der wolt
757 1254 2248 1398 alß in tsia Aphrica, und Europa ob den 1 jaren
762 1342 2248 1511 gebrucht ist worden, wel wer antwurten vff
744 1423 1636 1604 den Inzug deß schach erb halb
771 1540 2258 1721 Er schulreisten klagt sich euer gloß über dem
289 1550 678 1734 Bruldg
757 1643 2206 1775 Spruch pardi Ingfütt So doch nüt anders
732 1741 2321 1834 weden die eigentlicher wort Pauli mite Irem Witür¬
730 1812 2214 1961 lichen sinn, allen gschrifften gmäß herfür nach sind
713 1893 2314 2045 Wirt Sölists erkennen ein ietlicher Christenlicher
722 1983 2260 2155 leser, das er vonn tag erst herrn herfürbungen
715 2067 2282 2246 es seÿn, eins ierlicher absterben und probieren ett
722 2157 2292 2321 paulo. 1. Tess. 5. vernirret er sich selbs dann Paulus
722 2260 2270 2410 van der duͤnssen tag daselbs rett, wer aber
717 2341 2290 2505 verpand durch das tag diß hernn den tag. Darum
727 2437 2282 2605 vnd gott bewerrt, heimisucht und offenbar nach ett,
717 2539 2263 2699 wie wir erbuwen siend, dann du dem abscheid
722 2615 2221 2806 och absterben eins ierlichten, wan nitt iederman offelbar
1011 2703 1175 2767 nur ein
710 2701 2206 2855 wie er werck gottes sig so aber der herr
708 2801 1068 2936 uns bsütt.
1109 2836 2319 2985 mitt dem kuius so werch die gedanken
