2479 3508
543 139 2164 325 blijt vort bestaͤndig vnd vnerrick, Eersprint
543 250 2200 387 aber Matth. 3. So der Schulreister uff das Reyfür
536 331 2192 474 Virchen wil, hatt den sinn, dem ouch, die vagend
553 412 2134 526 wort Christi, zum teil anzeigenden, er hatt grett
549 540 2141 662 Wir man sich mitt dem bruder versünen höll.
532 615 2104 758 ee das man die opfer, nach bruch desen gsages
540 705 2177 846 vff den war lege, in disen worten aber gitt der
536 773 2254 904 herr ein exempel, damitt er v̍ns tribt zuͦ versünem
1668 859 1762 925 Die
547 865 2222 1008 mitt vnserm nechsten, und ist das sein meinung so din
547 955 2228 1100 gelten dich für gericht becuͦftin vnd du ietz under-
540 1062 2147 1177 wegen mitt inn werest, zum richter, wie möchtest
549 1130 2108 1228 basz handelt, dann das du dit gütlich nitt den
555 1209 818 1280 vertrugist
2108 1201 2215 1292 rechten
555 1213 2128 1361 verwagest. Dann so die strenge diß gritt
562 1331 2215 1459 weltist erwarten vnd möchtigst aber der stuld nitt
555 1389 2145 1545 löugnen, was volgte anders daruͦß, werden das dich
549 1474 2119 1645 der richter, würffe in gfencknüß, biß du die
562 1581 2194 1726 schuld betzaltest, biß uff das minst örtli, das ist
564 1658 2249 1792 nu das exempel damitt Christus v̍ns lern so iemant
570 1752 2192 1895 sin bruͦder beleidigett, so verschuldett er sich gegen im
555 1822 2192 1989 darumb sol er fliß ankeren, das er sich mitt im
573 1910 2119 2066 versünen, damitt die beleidigung, nitt werden
562 2012 2220 2166 brachn für den obersten richter gott, und der selb dann
568 2091 2205 2232 sprechts, du schalckhafftiger knechten doch hab der alle din
577 2179 2177 2339 stuͤld nach gelasen, dewil du mich barst, söttest
590 2284 718 2343 denn
592 2260 2237 2410 den, nitt dich ons erbanen über die mittknecht
532 2371 2220 2517 Wie ich mich dinen erbarmett hab? Und demnach
564 2452 2200 2602 der richter, dich werffe in dem ewigen kercher, also
547 2553 2228 2732 mitt der glitzmuß deß rechten da der
558 2657 2249 2839 Milder erſorg ꞏ ewige gfenckuͤß, ermant v̍ns
1741 2758 1878 2816 mitt.
560 2747 2252 2969 der herr, das wir vns peinbauid vnserm nächsten
