2479 3508
825 293 2223 464 Boosvolden de Lijden en ons Schlegre
885 402 2244 536 eröffett und das wirt erla eröffet
883 481 2197 625 alß biornastmalgott, Oli grund da
909 567 2141 709 selb, damitt er den orsten schlißrad
932 648 2275 794 beurffnett hatt, in geschrifft unverstatt,
957 732 2227 907 verlesen, entend alß hernachvolget.
747 877 2302 1025 Scia inflat) iemann verachte, sonder inn christenlich er
743 980 2293 1145 liebi (quis sola edificat) einer deß andernn burdi trage, einer
738 1052 2273 1188 dem andern diens. Es tröstet vns ouch unser lieber
732 1140 2291 1297 herr Jesus Christus in dem do er spricht, mitt 7
487 1198 662 1353 £
724 1215 2285 1398 wittend so werdend ir empfachen, suͦchend so werden
724 1306 2227 1479 Ir funden, klopfend an, So virt üch uffgetan, deß
720 1390 2256 1537 Ermanen ich üch all ußerwelten gotz frund, das ir üwere
707 1479 2252 1640 hertzen vor gott wellend demutigen, vnd mitt mir
730 1549 2289 1737 bekennen, sprechende Ich Armer Sundiger meutsch etc.
749 1635 1996 1838 Vatter vnser etc. Als Maria etc. unum:
1619 3331 1770 3473 [M]
