2479 3508
1971 93 2060 205 99
566 186 2209 331 das sölchs h in nitt fuch wird de g
571 272 2207 408 allein e iosti preie und sig biim
551 346 2166 467 ken wol ucz k n er herr
601 411 2220 551 oh kr beiht so der eilnd alls eins
700 480 2228 631 hn hrwidns be unser kurce dwied
536 564 2271 743 vil rottg hel wlig gristein vnd mereeg
540 655 2161 780 gestet vnd len wde 6 Barhus
577 726 1282 841 vd pder v
1297 733 2192 854 gsina Cieonf
577 785 2155 944 ein undr eötlichn hasend eracht ich er
1740 882 1952 940 himest
553 860 2198 1024 wüs si ialber, was aber ff und
571 942 2211 1096 lieb zwüscher Iu halb fiand Zeig) anse
564 1022 2112 1165 gestruffe so se wilen made streibe
555 1122 938 1245 Aigliz
923 1085 1269 1176 doch
927 1126 1455 1223 no beoch
1498 1113 1714 1171 weden
1640 1120 2146 1236 des i de
612 1176 2122 1308 e sireehatt er wott ah ir ud
1872 1232 2250 1314 orden werend
564 1269 2228 1398 zblegn ob scho glich zemilt ahdemen
657 1329 2222 1461 drshriß heit das die sebig ih
603 1409 2230 1534 en zn erbeni e Ih pledigt
927 1496 1109 1578 2
1180 1476 2213 1601 th Ibbin das dey wer
607 1509 789 1589 244
562 1556 2209 1690 zo der wachert ist wir gebe ei
1022 1623 2233 1748 itt at sob z stan gleg alle
571 1630 973 1755 an ger
564 1694 2207 1831 so ein als dd die götlich warhret ist
1145 1770 2215 1880 her sind das da han
542 1783 1124 1893 alsh au6 f
1768 1848 1880 1895 Eie
607 1848 2183 1975 Ett gistlich och waltlich begett
551 1928 2112 2062 orhas eüt och ader psan gand
523 1988 2243 2129 osöliche stand wid pari iu et hrissegit
558 2068 2204 2207 zus ey bens wegs vo ekit bess
549 2133 2246 2282 henntrenneend wir ouch von wig glhs
540 2209 2261 2377 undesshros un chrisz uns gar konswur
782 2269 2075 2403 vand treueund, ouch i stugkn
534 2321 642 2408 20
540 2338 2194 2494 des glebes krs wegs feilt de sz
681 2412 2207 2533 und ych abersron srisn ir wellel
547 2449 646 2563 24
519 2475 2246 2637 aun hot uffsachtshabe uff die regn sackt
542 2570 2230 2686 ud uff dise rehn zertreter chuistelige
737 2628 1625 2736 ken und der fiy
1874 2669 2241 2797 Ho
545 2682 2168 2836 stug geb hes teand ir
538 2753 2213 2916 sela en gehore Im 8 Jare har das len
547 2829 2148 2985 hinruf der enden zwingelsen der
530 2898 2155 3114 bitt Carolestabish der vir vehabglish
