2479 3508
595 168 2170 347 unser es heinigem uffrac, hermitt dient der Spruch gann
588 294 1454 441 und gar mit zum frappür
234 405 1545 610 Buͦtstab, ich blib bim haͤllen texst.
627 539 1330 716 daß gl. vn. wir auch
254 592 556 710 Berplen
793 682 1042 769 Schächers
635 718 2216 874 deß Machers halb Spritt ict also so wer umb unser
230 718 584 895 B=o Jacob
1113 789 1243 872 ^cune
610 791 2268 953 sund peniren wird, och straff darumb leidend wie er
590 876 2157 1038 vmb die sinen, gelitten hett, mitt einem volkomen
597 970 2272 1117 glouben werden wer one zwefel mitt imm glich ebeloung
601 1068 2240 1208 empfachten, ouch ein ietlicher so vollkommerklich gelomben.
603 1149 2308 1292 Das fangt aber daran, alß vor ouch gemeldet, welicher
590 1228 2240 1373 an Christum Jesu wilgloube muß verbringh alleß
597 1317 2289 1436 so er gelert hatt, deren zebesorgen wenig ist, das aber
571 1422 2150 1528 Die rechn Jartzer begangen und sömlichs den Armen
582 1500 2274 1641 Gel söm licts mitt verniogen nitt juͦ nutz kommen bestand
590 1569 2300 1716 ich nitt wann kum vigilg uff selmeß glesen wirt
571 1637 2180 1822 Domitt für all glömbig selen in den collecten ouch
592 1745 1068 1903 gebetten werde.
565 1852 2274 1988 Deß Machers halb darff keiner antwirt, Duch was
188 1893 450 2059 Bevolgende
610 1939 2225 2099 vom gloubem harm ist joꝰ. Dann es kann segfür
1068 2003 1230 2072 nacht
601 2035 2108 2163 probeert und nach der lange durczen
855 2114 2221 2236 vͦlrichen erlütet, das aber wir sprechen all
686 2127 791 2244 .
595 2208 2302 2347 todtz dienst siend wedrig der liebi darumb das s' bescheit
588 2287 2278 2436 überflüssigt für die richten dan für den gulden das
618 2406 2240 2523 ett stifftꝬ, lit am tag. Dann so der zig nitt
283 2355 405 2472 Dis
448 2349 550 2485 es
558 2455 2146 2607 verhoffers, das zu sollich todch dienst fürderlicher
601 2532 2136 2666 diendund, dan der triven wurde eis bald
575 2613 2214 2756 underlassen, ob schon verfidelinn gsprochen wurd
580 2685 2234 2845 Es wirt noch sin, das Ir zum ersten probioran das
573 2786 2257 2982 ein fogfur, sie und so das selbig beschicht,
473 3316 563 3431 -
324 3352 443 3472 Gladbeck
