2479 3508
2032 121 2145 238 11
949 169 1765 370 Fundament der Ersten
245 197 858 388 Bertalens Haller
1103 314 1475 455 Schlußrée.
639 466 2116 665 Quod vnd frid von gott dem himelschen vatter
568 602 2225 730 Der well uns senden sin liecht vnd warheit in vnser
546 672 2272 834 herren, damitt wir all ingefürt werden, in waro erkant
552 776 2283 927 nuß unsers edlisten herrn Jesu Christi deß gekrutten getten ainem
507 871 2231 1022 Furgeliebten Frochten Christen der Schlußreden so in gegenwirnger
548 962 2275 1103 weinung von uns bericht und rechnung ze geben, wir ervordert
552 1057 2197 1217 sind vor einer Sölichen Loblichen versammlungen ß. Des Erst
548 1157 1495 1304 Die heilig Christenlich kilch etc.
1839 1200 1919 1300 „
609 1261 2212 1412 Söliche also üwer liebi fürgetragen, hett uns verursachett
544 1371 2246 1482 zum ersten das das gemein volck zuͦ merem teil nitt verstat
533 1445 2114 1564 was der namen kilch uff im trag, zum andernn
743 1508 823 1555 sich
524 1512 2266 1642 das sie so sömlicher unwüssenheit deß vollens nitt recht gebruchter
537 1594 2162 1720 Die kilchen in Mancherlei kilchen geteelt habend yetzund ein
522 1679 2155 1798 Allgemeine dann ein versammlung die dis kilchen anzeigt
1020 1761 1209 1822 verwissen
141 1727 466 1908 vom porwesen
537 1794 2145 1919 representiert und verwissen und zuͦ Sundaren personenen
522 1856 2188 2006 der Cardinälen, bischoffen und bäpsten, getrungen habenden
535 1937 2103 2093 Zum Dritten Das durch so in lichs furgeben vel irrsal
529 2041 2151 2177 gebott und verbotten Ouch falsch gotzdienst Sich Ingerissen
526 2153 2086 2277 habenn, und das zuͦ grossem, nachteel, gottlicher warhart
520 2214 1532 2355 Christenlichen gloubens und liebi.
1703 2207 2114 2346 Zum vierden
513 2290 2125 2452 Das si under dem schin Zitlich guͦtig ja die besten
516 2400 2171 2522 men zuͦ zogen, weliches doch geduldett werden möcht Sonder
516 2457 2246 2625 auch sich vermessenn uͤber die selen und conscientz der mentßhn
511 2587 786 2729 Zeberschen
483 2684 2179 2916 Zum fünfften das vil vnder dem schin Tettel vnd
