2479 3508
900 107 1480 286 Meister fraun
1649 234 1832 341 vatter
621 249 2221 427 Irad und frid von gott dem gern vnd unserm
550 382 2223 475 herrn Jesu Christo Ameni Jr ußerwelten Menner und bruͤder
554 455 2223 601 Wiewol es sich in aller welt in Mentherlei verfallen, ansechenn
541 537 2263 659 laßt, das gott vaß übel, über uns ertzürnt sig, so bewisst er
543 627 2223 752 uns doch sonder grose gnad, welcher wir im nitt gnug mögend
526 704 2150 835 Danckbar sin, in dem das er ietz allenthalbn alle wellt
535 801 2240 904 bewegt zuͦ fragen nach der warheit und sich bekümbern der
1538 880 1645 943 nitt
528 880 2218 1039 Ortumb. Darumb on allen zwifel, mit on besondere würckung
522 964 2233 1125 deß helgen geists, unser Fursichtigen wisen, vnd gnadigen herrn
545 1069 2210 1213 rat und burger, diser loblichen statt Bern, bewegt sind üch
535 1153 2197 1304 erbern hochgelerten Christenlichen herrn und bruͦder früntlich
543 1246 2092 1394 zuͦbeschriben, sich gewüsser warheit, von üch ze erkundenn
528 1344 2193 1484 damitt mentklich, allenthalb zuo ruͦwen, in iren gewüssenn gegen
530 1411 2165 1559 gatt und zuͦ guͦtem friden undereinandern kommen möchtenn,
507 1512 2216 1658 Nu dem also nachzukommen, sind wir unwirdigen diener vnd
522 1589 2188 1742 predier deß helgen evangeliums min bruͦder Berchtold vnd
526 1681 2182 1836 Och, ervordert unsers gloubens und prediens rechnung zegebn.
511 1789 2173 1901 Deß wir mitt sampt allen denen, So das evangelium bekennen
520 1855 2188 2025 vrbuttig sind, Vnnd nach Ordnung usszeichnetter Vrticklen
526 1959 2188 2100 ouch allen reden so daruß möchten volgen, zu antwurten unnd
526 2025 2178 2180 mitt gwaltiger schrifft zuͦbewaren wir betzügen ouch hiemitt
518 2148 2090 2272 Das wir wider keinen artickel vnsers alten christenlichen
165 2139 434 2257 Hoc infine
193 2229 314 2321 Sot
528 2201 2098 2356 gloubens, nüt üptzir handlen wellend, der Also luter, ich
513 2311 1226 2437 gloub in gott vatter etc.
1529 2306 2178 2433 wir hand ouch nütztt
515 2390 2113 2543 fur vns genom̅en wider den einfaltigen insatz deß
520 2452 2167 2607 Nachtmals unsers herrn Jesu Christi, das man bißhar des
498 2549 2216 2717 Mess gupt hatt Es bitten uns ouch der heilig paulus das
505 2654 2081 2794 wir nitt zangisch, sonder volkomen, eins sinns einerlei
505 2725 2105 2895 meinung siend, und das ein iecklicher, der gab oder kunß
498 2813 2047 2979 So im gott verliczen hatt, nitt stolten und uffgeblasenn
