2479 3508
1065 165 1412 298 Ich Sprich
345 219 2297 419 In Meister JacobGrr Untald er kan siz ih
2151 365 2333 437 biry und
849 378 1078 476 322
1127 355 2369 522 si so erke Ich e oberstschoy
424 437 2351 628 redt der ky und thd alss er vor Igelier
746 530 1451 684 hopzen den kilchen
985 769 1618 924 Nach Mittag
1801 857 1973 1006 kum
414 947 669 1086 Jmgr
985 939 2367 1109 odr dr uhrr zuzohe en de
782 1039 2266 1188 Ass mi her der Ediratz im ze schlusrih
821 1119 2354 1266 igond hand, e einng hopf Johobise
728 1199 2336 1343 licher hirchn, dan ich noch frnemlich chros
746 1291 2315 1448 desu Alss dem oeristen hept  ingelibet der
743 1371 2310 1533 Etdey Thnistgke vis nensche ich mei
301 1384 566 1574 1208 p
759 1448 2331 1610 abri die striffe iezu, das durch sin erdung
743 1541 2290 1675 und gheis sin en gotzwor und ner X bott
743 1600 2310 1765 andere oberer planz rgen und hoper in der
743 1695 2336 1839 Eilh mn sollend sin den 17 da Eipurg
728 1772 2297 1929 wil han unb das wort hopt als elich auss
738 1847 2266 2009 wirdas ander hopt plat och oberer alss dagf
736 1937 2302 2071 spricht der heilig Fiybottg vo 17 was
743 2027 2338 2148 von Gott ist das ist geordertt wie isr der helb
1765 2091 2315 2223 agenb  a
743 2094 1919 2223 criste list kibz vol Ehro jah dee
769 2171 2318 2323 org darin 2 wer fuch dich de pphen
754 2251 2323 2390 Job den gg sechenden in der versambnngg der
738 2323 2315 2475 Eilch der hell da it alle unofdnuff aber
754 2405 2336 2542 in der kilchen iehn shr achich itt gssev
741 2485 2328 2614 fallenner sih dann die supph der inden ber
960 2560 1075 2634 shan
759 2585 2320 2693 bett sk hopter oberer richtet den 17
741 2639 2315 2783 und ann XX VII, Was da ist gese fister
756 2724 2266 2855 und irri das man daselbshi hatt min
255 2799 2318 2974 gals fi deroben zu einen enscheid kommens also mennt
764 2868 2282 3033 16 sig 6 unser büisslich kergen auch
756 2961 1003 3082 billice.
