2479 3508
979 262 2216 491 Acta Der Disputation zu Bern
785 443 2177 629 Angefangen vff vja Januarii Anno etc.
824 565 2170 746 XXVIII durch Eberardus Romi,
1000 668 2012 843 ligern vernassett statt.
1171 779 1946 991 schriben zuͦ Thun
660 1365 2088 1542 Anfangs ward miner gnädigen herrn
606 1492 2191 1637 von Bern Mandat, demnach die Artickel Sachen
606 1595 2067 1754 zuͦ disputieren warend, vnnd zuͦ lettst
559 1705 2218 1878 Die ordnung damitt dis disputation vollfürt
592 1810 2166 1973 solr werden, verlesenn, der presidenten halb
579 1900 2098 2057 unnd dero so disputieren wellind, ouch
571 2001 2115 2173 die vier bestellten schriber, und ander so
583 2115 2008 2298 sust ouch uffzeichnen welten, betreffend
662 2208 1979 2399 unnd Demnach deß andern tags
769 2342 2059 2521 durch des praesidenten alß hiernach
874 2480 1717 2634 volgett Augs fangenn
