2479 3508
26 2423 113 2595 Giuseppe
15 2580 117 2691 obtinuit
562 332 2118 524 mitt vns in aller unnser schwachheyt, ad hec¬
534 451 2122 596 breos 4. dan die wyl gott sin einigen sun,
528 532 2105 675 fur uns dargestrekt, wie ware möglich, das
541 622 2071 722 er vnns, nitt alle ding, mitt im geben
556 709 2129 783 Hätte I. Romanos 8o, unnd wie das heil des
541 764 2190 900 lybs statt in verwalttung des houpts, Allso ouch
534 860 2099 966 das heil, unnd lebenn, aller gloubigen, statt
543 905 2065 1030 in Cristo, dann er, ist ein Heiland sines
541 1001 2144 1098 lybs, unnd wie die glider, krafftlos sind,
560 1047 2071 1158 unnd mitt vermogen, om verwalttung
598 1113 2188 1256 difft des houpts, Allso auch die glider des lybs
592 1203 2225 1296 risti, der kilchen, vermögen mitt an Cristo,
549 1250 2154 1403 dann wie das Rabschosß, dehem frucht tragt
532 1337 2101 1439 wo es dem wynstok nitt ingelybott soclibt
551 1411 2137 1535 Allso ouch wir, so nitt ingelybott sind, dem
519 1503 2188 1614 Hempt Cristo, werden wir dhein frucht brin¬
532 1550 2144 1692 genn, dann an inn, vermögen wir mitt
528 1631 2101 1769 Johanis 15, dochar ein jetzlicher, verstatt,
517 1712 2059 1854 das dhein creatur, mag ein sollich houpt,
536 1795 2088 1927 der kilchen sin, das die gutter und gaben
519 1869 2093 2007 gottes in unnsere hertzen, giesse, unnd
522 1973 2131 2090 stercke, tröste, füre unnd regiere, ouch sie
541 2031 1720 2171 ein Heiland, des lybs Cristi,
543 2118 2176 2286 Dise kilchen, Ist uss dem wortt gotts geborenn,
534 2231 2118 2348 Wiewol si gott von Ewikryt, ee, die wellt
513 2286 2214 2431 erschaffen, erwoͤllt hatt, jedoch ist si geborende
532 2367 2116 2491 uss dem innerlichen wortt gottes uss dem
519 2444 2124 2584 wortt des gloubens, ad Romanos 10. das
517 2523 2135 2650 gott läbendig unnd thättig machet, unnd
511 2593 2052 2725 in unnser hertz redet, welches ouch in
492 2686 2078 2797 der warheyt, kein annders ist, von dem
485 2733 2197 2872 das vsserlich gepredigett, oder in geschrifft
513 2812 2099 2967 verfassott ist, dise beruffung, erlichttung
