2479 3508
28 0 137 51 828
626 291 2192 478 Vnnd ermuwung der hertzen, Namen ich ein
623 420 2237 559 gebuitt der kilchen 1a Petri 1o capite, haben
611 493 2160 626 einandren inbrünstig lieb, von reinem
611 583 2145 724 hertzen, alls die widergeboren sind,
636 632 2237 780 Nitt usß einem stärblichen Samens Sun-
593 726 2149 887 ders uss einem unstaͤrblichen durch die
638 795 2183 932 wort des läbendigen gottes, der in ewi-
604 872 2237 1013 keyt belibt, dann es muß die geistliche gen
619 962 2196 1063 bint, der kilchin, ouch von einem samen
611 1028 2271 1181 sin, Wolcher aber nitt fleisch unnd blutt
600 1103 2230 1236 noch deheins möntschen willen, ze hanig
690 1193 2183 1309 Ouch nitt einzergangklich, sun.
591 1251 2262 1403 der das ewig, vnnd labendig wort get.
606 1326 2243 1457 des unnser seel lebt, erniwrott, vnnd
608 1401 2170 1540 wider geboren wurdt, so der geist gottes,
606 1485 2170 1618 das in unnser hertzen pflantzett, dann
606 1573 2250 1667 es je sind wortt, des ewigen lebens, Johannis
722 1637 2213 1776 Vnnd wie si uss dem wortt gotts er
583 1693 2200 1838 lüchttett, ernüwrott, vnnd wider geboren
600 1787 2207 1907 wurdt, Allso belibt si Jn Jm, Hangott Jm
578 1862 2119 1978 Allein an, vnnd hörtt nitt die stimm des
578 1958 2301 2053 Frömlden, das ist das Cristus bezü gott mitt
578 2005 2284 2125 der glychnuss, des Hirtten, unnd der schäff-
589 2074 1294 2198 hin, Johannis 10 d.
1313 2078 2149 2213 Die Schäfflin vollgenanten
578 2142 2230 2267 im, dann si erkennenn lassen inen gevallen
591 2226 2211 2357 sin stine, dann si versich rott sind durch den
578 2292 2228 2419 heiligen geist, 2a Corinthienen 1° capite
583 2372 2252 2505 et 5to, Si werden ouch, der frombden stimmen
583 2449 2286 2580 mitt vollgen, dann si sin stan nitt erkennenn,
583 2535 2183 2674 vnnd widerumb mine schäfflin, hören
576 2599 2269 2736 min §tim-1n vnnd Jch reken §i / unnd §i voll=
585 2676 2232 2817 gen mir, unnd ich gib inen, das ewig leben
598 2760 2147 2865 Si werden Jnewikeyt nitt verderkenen, Es
608 2830 2164 2935 wurdt si euch niemand von miner Hain
598 2892 2170 3040 ryssen, Allso ist offenbar, das die kilch
