2479 3508
25 1372 122 1469 und
2116 150 2203 217 13
559 331 2142 502 was die schrifft die kilchen nämpt, nammlich
559 447 2237 549 die versammung, nitt der Cardsnälen, Bischof,
561 530 2152 641 fen, unnd geistlich hoffgesind, Sunder dero
555 591 2237 705 die gott trüwen, unnd glouben durch Cristum
549 660 2245 789 Item das weder der Bapst noch kein Creatur,
568 728 2159 865 mag sin, das houpt drei kilbchen Sunderg
549 798 2199 958 Allein Cristus, uss des wortt si geborenn,
580 878 2173 1023 Darby si belibt, vnnd die sann eins fröm,
546 962 2159 1108 den nitt zulaßt, das sind ettlich grund,
570 1036 2197 1175 der kilchen, Ires Heupts, Ler, unnd wan¬
534 1114 2104 1253 welthalb, usß dem wortt gotts anzörgt,
584 1194 2167 1319 Wolcher nun wil oder mag, vnns eins
563 1296 2137 1405 andren berichtten, usß gottlichem wortt,
555 1342 2209 1485 den wollen wir hören, vnnd objemand
418 1431 2106 1572 dise gegenwürttig, versamming, geschehen usß
553 1509 2072 1639 rattschlag unnser gnädigen herrn von
555 1585 2093 1709 Bern̄, im namen Cristi, zuͦ Furdrung
538 1656 2110 1789 der er gottes, Jn Bernn, vnnd allen gegen-
544 1743 2095 1876 wurttigen brudern, nitt kristenlich oder
546 1808 2064 1952 eins vnbillichen furnämmens achttote,
549 1903 2087 2045 Sind wir ouch bereyt sollichs zuverant-
546 1973 1810 2118 wurttin, Nun wallte sin gott,
36 2156 122 2279 llen
27 2253 112 2336 den
38 2467 137 2593 eine
34 2633 146 2737 3 volle
27 2726 122 2821 ben
23 2815 101 2946 8
