2479 3508
25 0 138 36 8
615 320 2162 489 Ein gespens, Johannis zc. Ein lyb Cristi,
625 406 2206 565 ad Ephesios Christo, der kein rüntzelln noch
611 494 2171 613 masen, Hatti ad Ephesios sancto, unnd in
623 531 2208 659 unsern altten glouben, ein gemein¬
644 627 2215 786 schafft der heiligenn, welches die vorgand
615 684 2158 847 wortt erluttrott, da verstand all frem
604 776 2213 918 Cristen, das die gemeinschafft der gloubigen
621 841 2227 993 ist die kilch, Nun hatt ein jrckliche gemein¬
640 933 2213 1064 schafft, Ettwas darInn si gemein hatt, wie
615 985 2156 1144 dann ein gemeine burgeschafft, in iren
621 1058 2221 1215 rechtten, fryheittenn, unnd derglychs, gemein
629 1163 2236 1305 hatt, allso ouch die heilig cristaͤlich kilch
657 1223 2089 1361 Ir gemeinschafft hatt, alls Paulus,
665 1294 2089 1447 vnd Ephesios 4to, Ein lyb, vnnd ein
611 1374 2179 1514 geist, ein herr, Ein glary glouben ein
629 1456 2208 1598 touff, Ein gott, unnd vatter unnser aller,
680 1520 2169 1673 Souil mir, in der gantzen wellt, zer¬
625 1606 2125 1761 strowt, in disem gemeinschafft hand
1934 1646 2187 1821 Diser
627 1700 1696 1813 machen si ein kilchen gottes,
606 1746 2210 1880 kilchen houpt ist Cristus, Ephesiorum
617 1832 2185 1980 5to, ir wyber sollen gehorsamen, Owenn
621 1903 2192 2020 mannen, Alls dem hetten, dann der man
632 2010 2183 2108 Ist ein houpt, siner hußfrowenn, wie
698 2029 2225 2177 Christus ist ein houpt, siner kilchen unnd
621 2108 2200 2236 er ist sines lybs Heiland, Alls nun der
615 2196 2192 2317 man ist ein furst, vnd furer, ein ge-
615 2259 2265 2384 bietter im regierer und schirmer siner huß
604 2332 2185 2457 frowen, unnd hatt alle gütter, mitt iro
621 2407 2298 2522 gemein, dulldott ouch se i aller schwachheyt
623 2493 2263 2585 Alls die blödere geschöpfft, Allso ist Cu¬
621 2576 2286 2677 stus ein furst, ein unnd fuͤrer, unnd gebirt,
627 2616 2198 2744 ter, Esaye, 55, Ezechielig 37, Ein be-
636 2687 2202 2815 Operer, unnd schirner, sunr gespons, der
621 2756 2263 2901 klichen, unnd allso allen, so in jnn ver-
632 2829 2190 2986 hoffen / vnnd mag ein mittlyden haben /
