2479 3508
2104 140 2218 273 13
369 259 2178 440 geburt der kilchen, j pet. 10 habend einander
404 373 2280 516 inbrunstig lieb von remen hertzen, alls die wider
399 449 2251 597 geboren sind, nitt vß eim sterblicher somen sunder
428 549 2268 651 uß ein vnsterbliche durch die wort des lähen
388 635 2294 789 dige̅ gottes der in elvigkeitt belybt, dann es muͤß
383 723 2280 851 Die geistlich geburt der kilchen ouch von eine sonnen
418 825 2230 999 sin, welcher aber nitt fleisch und blütt noch
421 951 2204 1087 keins mensche willen Joh i ouch nitt ein
428 1034 2249 1160 Ezergengklich stunder das ewig vnnd laubendig
411 1148 2206 1274 wort gottes, des vnser Svel lëbt, ennwert, vnd
411 1224 2142 1388 wider geboren wirt, so der geist gottes das in
447 1348 2223 1491 vnser hertzen pflantzet, Dann es je sind wort
435 1467 2278 1605 des ewigen lölens Joh S. vnnd wie sy vß dem
423 1562 2271 1695 wort gottes erluchett, eruulvert vnd widerge-
442 1648 2244 1797 loren wirt, also blibt sy in Jm, hanget Im allein
440 1752 2092 1909 an, vnd hört nitt die stimm des hömbden
426 1828 2266 2057 Das ist das ehrs bezuget mitt der glichnuß des
426 1954 2263 2128 hirte vnnd der schäfflinne Joh x die Schäffly
452 2033 2154 2216 volgend jm, dann sy erkennend, lasst d inen
416 2137 2223 2328 gefallen sin stuͦn, Dann sy versichert sind durch den
428 2223 2256 2394 heiligen geist 2. Corch 1. et 5. So werdend auch der
428 2325 2275 2487 frouwden stu̅n nitt vollge̅ dann sy sin stim̅ nitt er-
423 2411 2309 2582 kennen, vnnd widervmb mue schäfflin horend
421 2489 2206 2644 min stuͦn vnnd ich erken ſý unnd ſy vollgend
409 2568 2194 2760 mir, vnd Ich gib Jm das vlvig läben, Sy
416 2670 2278 2858 werd in elvigkeitt nitt vderlen, Es wirt sy ouch
428 2765 1871 2934 niemal von minerhannd rissen.
