2479 3508
510 230 2096 417 vnnd wie das heill des lybb stat in
520 326 2140 508 verwalltung deß houpts, allso ouch das
524 440 2140 609 heill vnnd laͤben aller glaubiger stat in
520 554 2104 706 chro, Dann er ist ein heiland sins lybt
541 657 2104 802 vnnd wie die glider Krafftlosz sind vnnd
516 720 2129 897 mit vermogend on verwalltung deß houpts
520 834 2163 982 Allso ouch die glider des lybs ehren der kil-
503 923 2197 1097 chen, vermogend mit on chro, dann wie dar
501 1034 2146 1186 Räbsthoss kein frucht treitt wo es dem winstock
501 1139 2142 1291 nit ingelibet blixt, allso auch wir so nitt in-
495 1243 2138 1388 gelibett sind dem houpt ehren werden wir
499 1327 2167 1483 kein frucht bringen, dann onm vermogend wir
501 1422 2176 1588 mit, Joh. 15. dohor ein Setlicher verstat das
522 1519 2144 1687 kein creatur mag ein sollich houpt der
514 1630 2064 1784 kilchen stin, das die gütter vnnd galt
520 1725 2089 1879 gottes in vnsere hertzen giesse, vnns stercke
516 1811 2180 1982 tröste, fuͤre unnd regier ouch sye einheiland
514 1912 1089 2047 Desselbs rhri.
487 2009 2081 2176 Dise klehen ist vß den wort gottes geboren
508 2115 2182 2256 Wiewoll sy gett von ewigkent es die weldt
524 2201 2195 2348 ersthaffe, erwellt hatt, Jedoch ist sy geboren
506 2292 2182 2443 uß dem innerlichen wort gottes, uß dem wort
527 2391 2108 2513 des gloubens, Ro. X. das gottläbendig
546 2477 2212 2626 vnnd tätig machet, vnnd in vnser hertz redet
516 2572 2155 2725 welches ouch in der warheitt kein anders ist
558 2654 1990 2827 von dem das vsserlich geprediget oder
503 2793 2188 2923 geschrifft verbasset ist, dise beruffung, erluchtig
522 2843 2098 3050 unnd ernewrung der hertzen nem ich ein
