2479 3508
855 155 2341 352 Mathe: 7. Pittend So werden Jr empfahr Snuhend
917 291 2324 455 so weden ir finden, klepffer an gewünd üch
895 388 2356 516 uffthan. Des Ermanen ich üch all vser
911 473 2350 626 welcx gottbfründ, das ir üwer heügen von
893 552 2259 701 Gottwellen demutigen, vnnd mitt wir
895 658 1497 798 bekennen sprecheide.
1685 669 2324 792 Ich armer Sündige
1510 753 2250 910 vatter unnser Nue
911 762 1344 906 Mensch etc.
1372 826 1810 992 Omen, die
898 854 1258 997 Mann ich
1333 984 2058 1202 Bertholdus Haller
1068 1165 2251 1364 Fundament der ersch Sech luss wed
917 1288 2354 1469 Gnad vnnd frid von gett unnser Hüntl
910 1435 2339 1564 vatter, der well eins senden zum recht,
934 1500 2354 1635 unnd wocher in unnser herzen. Darmit von
951 1586 2255 1700 all ingefün werden, in ware erkantnus
928 1677 2266 1828 Unnsers edlisten herren Jhesum Cristi des ge¬
924 1752 2317 1940 kuntzger Amen, furgeliepten frommen wisten
919 1864 2319 2033 der Schlußhard So In gegenwürtiger zweyung
910 1961 2309 2115 den unns bericht umb rechnung zuͦ gebenn, wir
904 2045 2328 2207 erwerden sind, vor Einer Selligen Zeyligen
895 2138 2261 2291 versammlen, ist die erst, Die heillig
885 2235 2358 2373 Cristenlich kilch etc. Sëllige also uwer leb
850 2343 2346 2514 Liebe fürzetragen, hatt unns verursachen, zu
870 2436 2322 2598 resten, das das gmein volck zu merem wil,
887 2525 2324 2704 im verstat, was der namen kilch uff im
882 2622 2326 2796 trag, zum andernn, das die sichsennlicher un¬
891 2723 2339 2894 wüssenheit des volks, nit recht gebrucht,
544 3414 781 3450 [unclear]
