2479 3508
2150 113 2232 215 13
8 244 123 346 doch
714 177 2186 407 Benthieldus die eiste Schlussord ereffner vnd
8 348 131 473 d' eſsen
694 354 2158 525 die kilch teßgelegt das weit Ecclesia
696 459 2234 644 ussgelen, die grundt der selbigen zu dann
664 568 2258 739 Er die erst Schlußried bevesner hatt In gschafft
668 676 1306 857 verfasser velasen
1342 700 2156 867 Lutted als Harnach
716 813 900 950 vielge¬
950 849 1051 962 m
660 908 2260 1099 Die kilchen Jn Manichenlei kilch en gewilt haben
662 1034 2250 1204 verzund ein all gemeine, dann ein versambung
656 1103 2182 1286 die dir kilchen anzeigt, representiert unnd
737 1192 1008 1274 verwistt
692 1204 2150 1399 verwisdr, unnd zu Sundern personen der
710 1304 2186 1520 Cardinälen Bischeffen unnd Beysten genuͦgend
684 1411 2228 1606 habenn zum dritten, das durch seinliche fugeln
717 1516 2162 1703 vil Insol vepett vnd verpott. Ouch valsch
706 1630 2170 1775 gettsdienst sich Ingenisen haben, Vnd das
717 1775 2103 1906 zu gressenn Nothwil guttlicher wacheitt.
680 1852 2146 2039 Cristenlichen glenbens, und liebe, zum
676 1976 2226 2143 werden, das si under dem Schin, Zwolichs guͦs
727 2101 2206 2284 Ja die bestenn inen zuͦzegen, welches doch
717 2202 2188 2369 dulder werden mecht, senden och sich ver-
727 2307 2152 2496 mörssenen uber die Selen und Constienten
714 2425 1495 2572 der Menschen zeheischen
1590 2441 2164 2592 Zum Fünfften
717 2528 2188 2647 das vil unnder dem schin, Tittel vnnd
710 2616 2212 2773 Namenn den kilchen sich beschmult haben, wider den
721 2711 2252 2896 Höl gottswert, fuͤrwendend die i Pesses vnd
702 2812 2141 3003 gwerd, den kilhen, dise vnnd derglichen sy
