2479 3508
1083 181 2138 396 Acta vff zinstag nach trunnwegium
1102 332 1451 421 anne 1128.
865 500 2335 733 Anfangs haben die predicanten verwerert, als hannach
859 666 2055 814 volgt uff der versidenen anwerdung
757 791 2295 1019 Erstmals Mister Frantz Kelb unnd demnach
803 951 1276 1129 Her Berlicke
1287 1021 1588 1185 Conclusio
828 1123 1718 1332 Die Heillig Christelch Kilh¬
776 1457 2287 1677 Geürsahet das der gemein volk nit weiß was die
772 1569 1901 1762 Christenlich kilch sÿe, etc. er Leins pott
1422 1700 1751 1899 franz
1795 1859 2003 1938 vatter
855 1837 2306 2021 Znad vnd frid verngett dem herr vnnd unnser
843 1951 2320 2115 Herrn Jhesner Ewer Amen, so usserwelten nieman
849 2059 2345 2185 unnd Bruder In Christo Wiswel es sich in aller welt,
813 2158 2326 2293 in menicherlei vnfol ansechen lest, das Gretc vast
818 2258 2295 2382 Übell uber vijns erzurrer sie, gebewistd er urs doch
811 2330 2297 2480 Sendergresst gnad welcher wir im im gnug megen
801 2403 2330 2559 danckbarsin, Jn dem das er vezallenthalben alle wer
813 2488 2297 2667 bewegen, zefragen nach der warheit, unnd sich beküm¬
813 2578 2318 2727 mern der Irrheb, darumb an allen Zwiffell
789 2704 2337 2831 Unn on besender würkung des hellgen geist, unnser
739 2779 2266 2949 Fürsichtigen wysen unnd gnedigen herren. Rhat unnd
