2479 3508
693 121 2180 274 Burger diese Leplher statt Bernn bewegter
705 222 2147 372 sind, uch Erbern hochgelarten Cristenlichen
697 309 2112 467 herren unnd brüder fründlich ze beschribenn sie
697 411 2258 537 gewüssen wochent, von üch zu erkhundenn. Datum
693 489 2154 656 Meurlich allenthalb zu Pmecken, in iren ge¬
699 586 2147 736 wüssen gegen gett, vnnd zu guten fridenn
681 679 2197 794 unnder einander kennen möchten, nu dem also
691 775 2184 932 nath zuͦ komen, sind wir unwündigen, diener unnd
708 868 2215 1010 Prediger des Hellger Enangeliums, Min bruder
691 969 2174 1123 Bengield unnd jeg, euwrdent, unnses gloubens
656 1059 2207 1242 unnd predigens, rechnung zegäth, das wünn
708 1162 2186 1335 sampt allen denen, sy den evangelium bekennen,
689 1255 2186 1399 urputtig sind, und noch ordnung uff zeichneter Ar-
691 1347 2180 1508 tickell, ouch allen reden, so dans mechten volgen
670 1442 2232 1623 zuͦ Antwurten unnd mir gewaltigengschifft beweren,
679 1526 2172 1676 Wir bezrygen euch hiemit, dz win wider kheinen
239 1526 407 1684 PV
689 1637 2230 1781 Pruckel unnsers alten wistenlichen glenbers, utzit
199 1656 636 1826 dis gehörd hera
693 1701 2207 1876 handlen wellen, der alse Lutter, ich gelebt
701 1791 2211 1933 In gott vatter etc. Wir hand vich mus für
687 1884 2162 2073 onns genomen wider der Ein voltiger insatz
712 1987 2221 2151 des Nachtmals unnseis herr Jgesau Wi, das
701 2073 2250 2254 Man bisshar die Mayß gemempt hatt Es pitter
697 2172 2254 2345 uns üch der Hellig Paulus, das wir mir zänckisch
706 2248 2199 2450 Sennder velkenn eins fins einerlei meyung
722 2363 2246 2509 sige, und das ein Jerklicher der gebeder kunst
736 2472 2197 2616 So Im gott verlihen hatt, nit stoltz noch uffge¬
724 2553 2162 2711 Blasen (scientia in flor) yemands verwahre
730 2641 2180 2779 Seinder in Cristenlicher Liebe (quę sola edificat)
699 2721 2227 2890 einer des gundern bordi trage. Einer dem andern
751 2816 2234 2974 Dieweß Ernestet ums ich unnser lieben
749 2888 2038 3087 her Jhesus Cristus Jnden da Er sprcht
