2479 3508
915 175 2241 376 räglich Jm gemeiner Red sind, Hannd
899 313 2286 450 unns bewigt, das wir nim diser schlußß
924 397 2317 560 red begriffend alles dz ums den herr uß
915 493 2296 650 dem Schatz gettlicher geschiffe, zelern ver-
915 601 2275 754 lichen hett, Dann wir venstand
918 696 2335 869 Was der Namen kilch uff im troge wissen
910 804 2263 986 all gelerten, dz das wertt von Wißen Eile sin
906 915 2229 1084 griechisch uff misch ein versammlung heist
922 1037 2213 1220 Als wir habenn nu 20. warumb hast
924 1155 2178 1332 ussgefuit die gemein des Hewen
922 1259 2277 1436 die wüste, Hie sächend Ir das nit senden
922 1399 2241 1554 persenen, Sonder die gantze gnad der
924 1508 2227 1676 kinder von Jsrahel Jßrahel, f kilch
948 1620 2308 1784 genempt würd. So hat die gschifft
918 1720 2286 1899 die unsamluͦg gutter und böser weniger
936 1823 2176 1994 und vilen, E. Kilchennempt, Als
961 1938 2337 2116 Paulus Schubt den kilchen die Ist in Cornelis
1802 2061 2005 2120 bhens
1145 2056 2238 2233 Wennch, unnd gepütter
954 2128 2250 2312 den Sünden so zwey mal ermant, vnd
952 2256 2286 2427 sich im besser, der kilchen funzetregenn
952 2374 2181 2520 unnd Alse veglicher er sindem acker
948 2462 2203 2626 des guͦtten Samens, unnd vnkruͦs die
945 2572 2201 2739 Er beide heist wachsen, biss zu den zitt
934 2676 2238 2845 der Ernde, desshells den netzenn, das
938 2771 2271 2985 biß unnd guͦr visch vorher. Also böch¬
